{"type": "trades", "local_time": 1761342301586, "event_time": 1761342301665, "latency_ms": -79, "data": {"e": "trade", "E": 1761342301665, "s": "BTCUSDT", "t": 5387826470, "p": "111018.59000000", "q": "0.00053000", "T": 1761342301665, "m": true, "M": true}}
{"type": "trades", "local_time": 1761342301686, "event_time": 1761342301766, "latency_ms": -80, "data": {"e": "trade", "E": 1761342301766, "s": "BTCUSDT", "t": 5387826471, "p": "111018.59000000", "q": "0.00008000", "T": 1761342301766, "m": true, "M": true}}
{"type": "trades", "local_time": 1761342301967, "event_time": 1761342302047, "latency_ms": -80, "data": {"e": "trade", "E": 1761342302047, "s": "BTCUSDT", "t": 5387826472, "p": "111018.59000000", "q": "0.00089000", "T": 1761342302046, "m": true, "M": true}}
{"type": "trades", "local_time": 1761342302275, "event_time": 1761342302354, "latency_ms": -79, "data": {"e": "trade", "E": 1761342302354, "s": "BTCUSDT", "t": 5387826473, "p": "111018.59000000", "q": "0.00008000", "T": 1761342302354, "m": true, "M": true}}
{"type": "trades", "local_time": 1761342302508, "event_time": 1761342302578, "latency_ms": -70, "data": {"e": "trade", "E": 1761342302578, "s": "BTCUSDT", "t": 5387826474, "p": "111018.59000000", "q": "0.00765000", "T": 1761342302578, "m": true, "M": true}}
{"type": "trades", "local_time": 1761342302839, "event_time": 1761342302919, "latency_ms": -80, "data": {"e": "trade", "E": 1761342302919, "s": "BTCUSDT", "t": 5387826475, "p": "111018.60000000", "q": "0.00044000", "T": 1761342302918, "m": false, "M": true}}
{"type": "trades", "local_time": 1761342303195, "event_time": 1761342303274, "latency_ms": -79, "data": {"e": "trade", "E": 1761342303274, "s": "BTCUSDT", "t": 5387826476, "p": "111018.59000000", "q": "0.00018000", "T": 1761342303274, "m": true, "M": true}}
{"type": "trades", "local_time": 1761342303267, "event_time": 1761342303345, "latency_ms": -78, "data": {"e": "trade", "E": 1761342303345, "s": "BTCUSDT", "t": 5387826477, "p": "111018.59000000", "q": "0.00010000", "T": 1761342303345, "m": true, "M": true}}
{"type": "trades", "local_time": 1761342303598, "event_time": 1761342303675, "latency_ms": -77, "data": {"e": "trade", "E": 1761342303675, "s": "BTCUSDT", "t": 5387826478, "p": "111018.59000000", "q": "0.01000000", "T": 1761342303675, "m": true, "M": true}}
{"type": "trades", "local_time": 1761342303893, "event_time": 1761342303971, "latency_ms": -78, "data": {"e": "trade", "E": 1761342303971, "s": "BTCUSDT", "t": 5387826479, "p": "111018.59000000", "q": "0.00017000", "T": 1761342303971, "m": true, "M": true}}
{"type": "trades", "local_time": 1761342304530, "event_time": 1761342304608, "latency_ms": -78, "data": {"e": "trade", "E": 1761342304608, "s": "BTCUSDT", "t": 5387826480, "p": "111018.59000000", "q": "0.00225000", "T": 1761342304608, "m": true, "M": true}}
{"type": "trades", "local_time": 1761342304764, "event_time": 1761342304842, "latency_ms": -78, "data": {"e": "trade", "E": 1761342304842, "s": "BTCUSDT", "t": 5387826481, "p": "111018.59000000", "q": "0.00090000", "T": 1761342304841, "m": true, "M": true}}
{"type": "trades", "local_time": 1761342305372, "event_time": 1761342305448, "latency_ms": -76, "data": {"e": "trade", "E": 1761342305448, "s": "BTCUSDT", "t": 5387826482, "p": "111018.59000000", "q": "0.00023000", "T": 1761342305448, "m": true, "M": true}}
{"type": "trades", "local_time": 1761342305466, "event_time": 1761342305541, "latency_ms": -75, "data": {"e": "trade", "E": 1761342305541, "s": "BTCUSDT", "t": 5387826483, "p": "111018.59000000", "q": "0.00451000", "T": 1761342305541, "m": true, "M": true}}
{"type": "trades", "local_time": 1761342306362, "event_time": 1761342306434, "latency_ms": -72, "data": {"e": "trade", "E": 1761342306434, "s": "BTCUSDT", "t": 5387826484, "p": "111018.59000000", "q": "0.00004000", "T": 1761342306434, "m": true, "M": true}}
{"type": "trades", "local_time": 1761342306469, "event_time": 1761342306535, "latency_ms": -66, "data": {"e": "trade", "E": 1761342306535, "s": "BTCUSDT", "t": 5387826485, "p": "111018.59000000", "q": "0.00018000", "T": 1761342306535, "m": true, "M": true}}
{"type": "trades", "local_time": 1761342307707, "event_time": 1761342307774, "latency_ms": -67, "data": {"e": "trade", "E": 1761342307774, "s": "BTCUSDT", "t": 5387826486, "p": "111018.60000000", "q": "0.00016000", "T": 1761342307774, "m": false, "M": true}}
{"type": "trades", "local_time": 1761342307708, "event_time": 1761342307774, "latency_ms": -66, "data": {"e": "trade", "E": 1761342307774, "s": "BTCUSDT", "t": 5387826487, "p": "111018.60000000", "q": "0.00074000", "T": 1761342307774, "m": false, "M": true}}
{"type": "trades", "local_time": 1761342308289, "event_time": 1761342308366, "latency_ms": -77, "data": {"e": "trade", "E": 1761342308366, "s": "BTCUSDT", "t": 5387826488, "p": "111018.60000000", "q": "0.00009000", "T": 1761342308366, "m": false, "M": true}}
{"type": "trades", "local_time": 1761342308807, "event_time": 1761342308886, "latency_ms": -79, "data": {"e": "trade", "E": 1761342308886, "s": "BTCUSDT", "t": 5387826489, "p": "111018.59000000", "q": "0.00091000", "T": 1761342308885, "m": true, "M": true}}
{"type": "trades", "local_time": 1761342309977, "event_time": 1761342310051, "latency_ms": -74, "data": {"e": "trade", "E": 1761342310051, "s": "BTCUSDT", "t": 5387826490, "p": "111018.60000000", "q": "0.00191000", "T": 1761342310051, "m": false, "M": true}}
{"type": "trades", "local_time": 1761342310016, "event_time": 1761342310094, "latency_ms": -78, "data": {"e": "trade", "E": 1761342310094, "s": "BTCUSDT", "t": 5387826491, "p": "111018.59000000", "q": "0.00049000", "T": 1761342310094, "m": true, "M": true}}
{"type": "trades", "local_time": 1761342310090, "event_time": 1761342310169, "latency_ms": -79, "data": {"e": "trade", "E": 1761342310169, "s": "BTCUSDT", "t": 5387826492, "p": "111018.59000000", "q": "0.00083000", "T": 1761342310168, "m": true, "M": true}}
{"type": "trades", "local_time": 1761342310255, "event_time": 1761342310335, "latency_ms": -80, "data": {"e": "trade", "E": 1761342310335, "s": "BTCUSDT", "t": 5387826493, "p": "111018.60000000", "q": "0.00005000", "T": 1761342310334, "m": false, "M": true}}
{"type": "trades", "local_time": 1761342310255, "event_time": 1761342310335, "latency_ms": -80, "data": {"e": "trade", "E": 1761342310335, "s": "BTCUSDT", "t": 5387826494, "p": "111018.60000000", "q": "0.00043000", "T": 1761342310334, "m": false, "M": true}}
{"type": "trades", "local_time": 1761342310314, "event_time": 1761342310393, "latency_ms": -79, "data": {"e": "trade", "E": 1761342310393, "s": "BTCUSDT", "t": 5387826495, "p": "111018.60000000", "q": "0.00031000", "T": 1761342310392, "m": false, "M": true}}
{"type": "trades", "local_time": 1761342310886, "event_time": 1761342310966, "latency_ms": -80, "data": {"e": "trade", "E": 1761342310966, "s": "BTCUSDT", "t": 5387826496, "p": "111018.59000000", "q": "0.00151000", "T": 1761342310965, "m": true, "M": true}}
{"type": "trades", "local_time": 1761342311059, "event_time": 1761342311135, "latency_ms": -76, "data": {"e": "trade", "E": 1761342311135, "s": "BTCUSDT", "t": 5387826497, "p": "111018.59000000", "q": "0.00028000", "T": 1761342311135, "m": true, "M": true}}
{"type": "trades", "local_time": 1761342312221, "event_time": 1761342312301, "latency_ms": -80, "data": {"e": "trade", "E": 1761342312301, "s": "BTCUSDT", "t": 5387826498, "p": "111018.59000000", "q": "0.36000000", "T": 1761342312300, "m": true, "M": true}}
{"type": "trades", "local_time": 1761342313013, "event_time": 1761342313091, "latency_ms": -78, "data": {"e": "trade", "E": 1761342313091, "s": "BTCUSDT", "t": 5387826499, "p": "111018.60000000", "q": "0.00040000", "T": 1761342313091, "m": false, "M": true}}
{"type": "trades", "local_time": 1761342313245, "event_time": 1761342313319, "latency_ms": -74, "data": {"e": "trade", "E": 1761342313319, "s": "BTCUSDT", "t": 5387826500, "p": "111018.60000000", "q": "0.00022000", "T": 1761342313319, "m": false, "M": true}}
{"type": "trades", "local_time": 1761342313245, "event_time": 1761342313319, "latency_ms": -74, "data": {"e": "trade", "E": 1761342313319, "s": "BTCUSDT", "t": 5387826501, "p": "111018.60000000", "q": "0.00005000", "T": 1761342313319, "m": false, "M": true}}
{"type": "trades", "local_time": 1761342313246, "event_time": 1761342313319, "latency_ms": -73, "data": {"e": "trade", "E": 1761342313319, "s": "BTCUSDT", "t": 5387826502, "p": "111018.60000000", "q": "0.00005000", "T": 1761342313319, "m": false, "M": true}}
{"type": "trades", "local_time": 1761342313246, "event_time": 1761342313319, "latency_ms": -73, "data": {"e": "trade", "E": 1761342313319, "s": "BTCUSDT", "t": 5387826503, "p": "111018.60000000", "q": "0.00005000", "T": 1761342313319, "m": false, "M": true}}
{"type": "trades", "local_time": 1761342313247, "event_time": 1761342313319, "latency_ms": -72, "data": {"e": "trade", "E": 1761342313319, "s": "BTCUSDT", "t": 5387826504, "p": "111018.60000000", "q": "0.00005000", "T": 1761342313319, "m": false, "M": true}}
{"type": "trades", "local_time": 1761342313247, "event_time": 1761342313319, "latency_ms": -72, "data": {"e": "trade", "E": 1761342313319, "s": "BTCUSDT", "t": 5387826505, "p": "111018.60000000", "q": "0.00005000", "T": 1761342313319, "m": false, "M": true}}
{"type": "trades", "local_time": 1761342313248, "event_time": 1761342313319, "latency_ms": -71, "data": {"e": "trade", "E": 1761342313319, "s": "BTCUSDT", "t": 5387826506, "p": "111018.60000000", "q": "0.00013000", "T": 1761342313319, "m": false, "M": true}}
{"type": "trades", "local_time": 1761342313248, "event_time": 1761342313319, "latency_ms": -71, "data": {"e": "trade", "E": 1761342313319, "s": "BTCUSDT", "t": 5387826507, "p": "111018.60000000", "q": "0.00076000", "T": 1761342313319, "m": false, "M": true}}
{"type": "trades", "local_time": 1761342314281, "event_time": 1761342314359, "latency_ms": -78, "data": {"e": "trade", "E": 1761342314359, "s": "BTCUSDT", "t": 5387826508, "p": "111018.59000000", "q": "0.04503000", "T": 1761342314358, "m": true, "M": true}}
{"type": "trades", "local_time": 1761342314290, "event_time": 1761342314361, "latency_ms": -71, "data": {"e": "trade", "E": 1761342314361, "s": "BTCUSDT", "t": 5387826509, "p": "111018.59000000", "q": "0.04000000", "T": 1761342314360, "m": true, "M": true}}
{"type": "trades", "local_time": 1761342314442, "event_time": 1761342314516, "latency_ms": -74, "data": {"e": "trade", "E": 1761342314516, "s": "BTCUSDT", "t": 5387826510, "p": "111018.60000000", "q": "0.00377000", "T": 1761342314516, "m": false, "M": true}}
{"type": "trades", "local_time": 1761342314442, "event_time": 1761342314516, "latency_ms": -74, "data": {"e": "trade", "E": 1761342314516, "s": "BTCUSDT", "t": 5387826511, "p": "111018.60000000", "q": "0.00880000", "T": 1761342314516, "m": false, "M": true}}
{"type": "trades", "local_time": 1761342314442, "event_time": 1761342314516, "latency_ms": -74, "data": {"e": "trade", "E": 1761342314516, "s": "BTCUSDT", "t": 5387826512, "p": "111018.60000000", "q": "0.00704000", "T": 1761342314516, "m": false, "M": true}}
{"type": "trades", "local_time": 1761342314443, "event_time": 1761342314516, "latency_ms": -73, "data": {"e": "trade", "E": 1761342314516, "s": "BTCUSDT", "t": 5387826513, "p": "111018.60000000", "q": "0.00937000", "T": 1761342314516, "m": false, "M": true}}
{"type": "trades", "local_time": 1761342314443, "event_time": 1761342314516, "latency_ms": -73, "data": {"e": "trade", "E": 1761342314516, "s": "BTCUSDT", "t": 5387826514, "p": "111018.60000000", "q": "0.00570000", "T": 1761342314516, "m": false, "M": true}}
{"type": "trades", "local_time": 1761342314443, "event_time": 1761342314516, "latency_ms": -73, "data": {"e": "trade", "E": 1761342314516, "s": "BTCUSDT", "t": 5387826515, "p": "111018.60000000", "q": "0.01009000", "T": 1761342314516, "m": false, "M": true}}
{"type": "trades", "local_time": 1761342314444, "event_time": 1761342314516, "latency_ms": -72, "data": {"e": "trade", "E": 1761342314516, "s": "BTCUSDT", "t": 5387826516, "p": "111018.60000000", "q": "0.01073000", "T": 1761342314516, "m": false, "M": true}}
{"type": "trades", "local_time": 1761342314444, "event_time": 1761342314516, "latency_ms": -72, "data": {"e": "trade", "E": 1761342314516, "s": "BTCUSDT", "t": 5387826517, "p": "111018.60000000", "q": "0.01101000", "T": 1761342314516, "m": false, "M": true}}
{"type": "trades", "local_time": 1761342314444, "event_time": 1761342314516, "latency_ms": -72, "data": {"e": "trade", "E": 1761342314516, "s": "BTCUSDT", "t": 5387826518, "p": "111018.60000000", "q": "0.00512000", "T": 1761342314516, "m": false, "M": true}}
{"type": "trades", "local_time": 1761342314445, "event_time": 1761342314516, "latency_ms": -71, "data": {"e": "trade", "E": 1761342314516, "s": "BTCUSDT", "t": 5387826519, "p": "111018.60000000", "q": "0.00005000", "T": 1761342314516, "m": false, "M": true}}
{"type": "trades", "local_time": 1761342314445, "event_time": 1761342314516, "latency_ms": -71, "data": {"e": "trade", "E": 1761342314516, "s": "BTCUSDT", "t": 5387826520, "p": "111018.60000000", "q": "0.00091000", "T": 1761342314516, "m": false, "M": true}}
{"type": "trades", "local_time": 1761342314446, "event_time": 1761342314516, "latency_ms": -70, "data": {"e": "trade", "E": 1761342314516, "s": "BTCUSDT", "t": 5387826521, "p": "111018.60000000", "q": "0.00481000", "T": 1761342314516, "m": false, "M": true}}
{"type": "trades", "local_time": 1761342314446, "event_time": 1761342314516, "latency_ms": -70, "data": {"e": "trade", "E": 1761342314516, "s": "BTCUSDT", "t": 5387826522, "p": "111018.60000000", "q": "0.00265000", "T": 1761342314516, "m": false, "M": true}}
{"type": "trades", "local_time": 1761342314447, "event_time": 1761342314516, "latency_ms": -69, "data": {"e": "trade", "E": 1761342314516, "s": "BTCUSDT", "t": 5387826523, "p": "111018.60000000", "q": "0.00332000", "T": 1761342314516, "m": false, "M": true}}
{"type": "trades", "local_time": 1761342314447, "event_time": 1761342314516, "latency_ms": -69, "data": {"e": "trade", "E": 1761342314516, "s": "BTCUSDT", "t": 5387826524, "p": "111018.60000000", "q": "0.00070000", "T": 1761342314516, "m": false, "M": true}}
{"type": "trades", "local_time": 1761342314448, "event_time": 1761342314516, "latency_ms": -68, "data": {"e": "trade", "E": 1761342314516, "s": "BTCUSDT", "t": 5387826525, "p": "111018.60000000", "q": "0.00005000", "T": 1761342314516, "m": false, "M": true}}
{"type": "trades", "local_time": 1761342314448, "event_time": 1761342314516, "latency_ms": -68, "data": {"e": "trade", "E": 1761342314516, "s": "BTCUSDT", "t": 5387826526, "p": "111018.60000000", "q": "0.00273000", "T": 1761342314516, "m": false, "M": true}}
{"type": "trades", "local_time": 1761342314449, "event_time": 1761342314516, "latency_ms": -67, "data": {"e": "trade", "E": 1761342314516, "s": "BTCUSDT", "t": 5387826527, "p": "111018.60000000", "q": "0.00005000", "T": 1761342314516, "m": false, "M": true}}
{"type": "trades", "local_time": 1761342314450, "event_time": 1761342314516, "latency_ms": -66, "data": {"e": "trade", "E": 1761342314516, "s": "BTCUSDT", "t": 5387826528, "p": "111018.60000000", "q": "0.00005000", "T": 1761342314516, "m": false, "M": true}}
{"type": "trades", "local_time": 1761342314450, "event_time": 1761342314516, "latency_ms": -66, "data": {"e": "trade", "E": 1761342314516, "s": "BTCUSDT", "t": 5387826529, "p": "111018.60000000", "q": "0.00063000", "T": 1761342314516, "m": false, "M": true}}
{"type": "trades", "local_time": 1761342314451, "event_time": 1761342314516, "latency_ms": -65, "data": {"e": "trade", "E": 1761342314516, "s": "BTCUSDT", "t": 5387826530, "p": "111018.60000000", "q": "0.00005000", "T": 1761342314516, "m": false, "M": true}}
{"type": "trades", "local_time": 1761342314451, "event_time": 1761342314516, "latency_ms": -65, "data": {"e": "trade", "E": 1761342314516, "s": "BTCUSDT", "t": 5387826531, "p": "111018.60000000", "q": "0.00005000", "T": 1761342314516, "m": false, "M": true}}
{"type": "trades", "local_time": 1761342314452, "event_time": 1761342314516, "latency_ms": -64, "data": {"e": "trade", "E": 1761342314516, "s": "BTCUSDT", "t": 5387826532, "p": "111018.60000000", "q": "0.00005000", "T": 1761342314516, "m": false, "M": true}}
{"type": "trades", "local_time": 1761342314452, "event_time": 1761342314516, "latency_ms": -64, "data": {"e": "trade", "E": 1761342314516, "s": "BTCUSDT", "t": 5387826533, "p": "111018.60000000", "q": "0.00005000", "T": 1761342314516, "m": false, "M": true}}
{"type": "trades", "local_time": 1761342314452, "event_time": 1761342314516, "latency_ms": -64, "data": {"e": "trade", "E": 1761342314516, "s": "BTCUSDT", "t": 5387826534, "p": "111018.60000000", "q": "0.00005000", "T": 1761342314516, "m": false, "M": true}}
{"type": "trades", "local_time": 1761342314453, "event_time": 1761342314516, "latency_ms": -63, "data": {"e": "trade", "E": 1761342314516, "s": "BTCUSDT", "t": 5387826535, "p": "111018.60000000", "q": "0.00006000", "T": 1761342314516, "m": false, "M": true}}
{"type": "trades", "local_time": 1761342314453, "event_time": 1761342314516, "latency_ms": -63, "data": {"e": "trade", "E": 1761342314516, "s": "BTCUSDT", "t": 5387826536, "p": "111018.60000000", "q": "0.00006000", "T": 1761342314516, "m": false, "M": true}}
{"type": "trades", "local_time": 1761342314454, "event_time": 1761342314516, "latency_ms": -62, "data": {"e": "trade", "E": 1761342314516, "s": "BTCUSDT", "t": 5387826537, "p": "111018.60000000", "q": "0.00902000", "T": 1761342314516, "m": false, "M": true}}
{"type": "trades", "local_time": 1761342314454, "event_time": 1761342314516, "latency_ms": -62, "data": {"e": "trade", "E": 1761342314516, "s": "BTCUSDT", "t": 5387826538, "p": "111018.60000000", "q": "0.00005000", "T": 1761342314516, "m": false, "M": true}}
{"type": "trades", "local_time": 1761342314455, "event_time": 1761342314516, "latency_ms": -61, "data": {"e": "trade", "E": 1761342314516, "s": "BTCUSDT", "t": 5387826539, "p": "111018.60000000", "q": "0.12719000", "T": 1761342314516, "m": false, "M": true}}
{"type": "trades", "local_time": 1761342314898, "event_time": 1761342314974, "latency_ms": -76, "data": {"e": "trade", "E": 1761342314974, "s": "BTCUSDT", "t": 5387826540, "p": "111018.59000000", "q": "0.00061000", "T": 1761342314974, "m": true, "M": true}}
{"type": "trades", "local_time": 1761342315165, "event_time": 1761342315234, "latency_ms": -69, "data": {"e": "trade", "E": 1761342315234, "s": "BTCUSDT", "t": 5387826541, "p": "111018.60000000", "q": "0.00022000", "T": 1761342315234, "m": false, "M": true}}
{"type": "trades", "local_time": 1761342315447, "event_time": 1761342315522, "latency_ms": -75, "data": {"e": "trade", "E": 1761342315522, "s": "BTCUSDT", "t": 5387826542, "p": "111018.59000000", "q": "0.00137000", "T": 1761342315521, "m": true, "M": true}}
{"type": "trades", "local_time": 1761342315763, "event_time": 1761342315833, "latency_ms": -70, "data": {"e": "trade", "E": 1761342315833, "s": "BTCUSDT", "t": 5387826543, "p": "111018.59000000", "q": "0.00017000", "T": 1761342315832, "m": true, "M": true}}
{"type": "trades", "local_time": 1761342315819, "event_time": 1761342315894, "latency_ms": -75, "data": {"e": "trade", "E": 1761342315894, "s": "BTCUSDT", "t": 5387826544, "p": "111018.60000000", "q": "0.00226000", "T": 1761342315893, "m": false, "M": true}}
{"type": "trades", "local_time": 1761342315919, "event_time": 1761342315996, "latency_ms": -77, "data": {"e": "trade", "E": 1761342315996, "s": "BTCUSDT", "t": 5387826545, "p": "111018.60000000", "q": "0.00017000", "T": 1761342315994, "m": false, "M": true}}
{"type": "trades", "local_time": 1761342315975, "event_time": 1761342316053, "latency_ms": -78, "data": {"e": "trade", "E": 1761342316053, "s": "BTCUSDT", "t": 5387826546, "p": "111018.59000000", "q": "0.00058000", "T": 1761342316052, "m": true, "M": true}}
{"type": "trades", "local_time": 1761342315976, "event_time": 1761342316053, "latency_ms": -77, "data": {"e": "trade", "E": 1761342316053, "s": "BTCUSDT", "t": 5387826547, "p": "111018.59000000", "q": "0.00072000", "T": 1761342316052, "m": true, "M": true}}
{"type": "trades", "local_time": 1761342316655, "event_time": 1761342316726, "latency_ms": -71, "data": {"e": "trade", "E": 1761342316726, "s": "BTCUSDT", "t": 5387826548, "p": "111018.59000000", "q": "0.00180000", "T": 1761342316726, "m": true, "M": true}}
{"type": "trades", "local_time": 1761342316855, "event_time": 1761342316926, "latency_ms": -71, "data": {"e": "trade", "E": 1761342316926, "s": "BTCUSDT", "t": 5387826549, "p": "111018.60000000", "q": "0.00118000", "T": 1761342316926, "m": false, "M": true}}
{"type": "trades", "local_time": 1761342317161, "event_time": 1761342317239, "latency_ms": -78, "data": {"e": "trade", "E": 1761342317239, "s": "BTCUSDT", "t": 5387826550, "p": "111018.60000000", "q": "0.00006000", "T": 1761342317239, "m": false, "M": true}}
{"type": "trades", "local_time": 1761342317846, "event_time": 1761342317917, "latency_ms": -71, "data": {"e": "trade", "E": 1761342317917, "s": "BTCUSDT", "t": 5387826551, "p": "111018.60000000", "q": "0.00450000", "T": 1761342317917, "m": false, "M": true}}
{"type": "trades", "local_time": 1761342319558, "event_time": 1761342319635, "latency_ms": -77, "data": {"e": "trade", "E": 1761342319635, "s": "BTCUSDT", "t": 5387826552, "p": "111018.60000000", "q": "0.00400000", "T": 1761342319635, "m": false, "M": true}}
{"type": "trades", "local_time": 1761342320037, "event_time": 1761342320113, "latency_ms": -76, "data": {"e": "trade", "E": 1761342320113, "s": "BTCUSDT", "t": 5387826553, "p": "111018.59000000", "q": "0.00301000", "T": 1761342320112, "m": true, "M": true}}
{"type": "trades", "local_time": 1761342320468, "event_time": 1761342320543, "latency_ms": -75, "data": {"e": "trade", "E": 1761342320543, "s": "BTCUSDT", "t": 5387826554, "p": "111018.59000000", "q": "0.50202000", "T": 1761342320543, "m": true, "M": true}}
{"type": "trades", "local_time": 1761342320469, "event_time": 1761342320543, "latency_ms": -74, "data": {"e": "trade", "E": 1761342320543, "s": "BTCUSDT", "t": 5387826555, "p": "111018.59000000", "q": "0.07109000", "T": 1761342320543, "m": true, "M": true}}
{"type": "trades", "local_time": 1761342320469, "event_time": 1761342320543, "latency_ms": -74, "data": {"e": "trade", "E": 1761342320543, "s": "BTCUSDT", "t": 5387826556, "p": "111018.59000000", "q": "0.00883000", "T": 1761342320543, "m": true, "M": true}}
{"type": "trades", "local_time": 1761342320470, "event_time": 1761342320543, "latency_ms": -73, "data": {"e": "trade", "E": 1761342320543, "s": "BTCUSDT", "t": 5387826557, "p": "111018.59000000", "q": "0.00448000", "T": 1761342320543, "m": true, "M": true}}
{"type": "trades", "local_time": 1761342320470, "event_time": 1761342320543, "latency_ms": -73, "data": {"e": "trade", "E": 1761342320543, "s": "BTCUSDT", "t": 5387826558, "p": "111018.59000000", "q": "0.11007000", "T": 1761342320543, "m": true, "M": true}}
{"type": "trades", "local_time": 1761342320556, "event_time": 1761342320616, "latency_ms": -60, "data": {"e": "trade", "E": 1761342320616, "s": "BTCUSDT", "t": 5387826559, "p": "111018.60000000", "q": "0.00005000", "T": 1761342320615, "m": false, "M": true}}
{"type": "trades", "local_time": 1761342320557, "event_time": 1761342320616, "latency_ms": -59, "data": {"e": "trade", "E": 1761342320616, "s": "BTCUSDT", "t": 5387826560, "p": "111018.60000000", "q": "0.00005000", "T": 1761342320615, "m": false, "M": true}}
{"type": "trades", "local_time": 1761342320557, "event_time": 1761342320616, "latency_ms": -59, "data": {"e": "trade", "E": 1761342320616, "s": "BTCUSDT", "t": 5387826561, "p": "111018.60000000", "q": "0.00005000", "T": 1761342320615, "m": false, "M": true}}
{"type": "trades", "local_time": 1761342320557, "event_time": 1761342320616, "latency_ms": -59, "data": {"e": "trade", "E": 1761342320616, "s": "BTCUSDT", "t": 5387826562, "p": "111018.60000000", "q": "0.00005000", "T": 1761342320615, "m": false, "M": true}}
{"type": "trades", "local_time": 1761342320558, "event_time": 1761342320616, "latency_ms": -58, "data": {"e": "trade", "E": 1761342320616, "s": "BTCUSDT", "t": 5387826563, "p": "111018.60000000", "q": "0.00005000", "T": 1761342320615, "m": false, "M": true}}
{"type": "trades", "local_time": 1761342320558, "event_time": 1761342320616, "latency_ms": -58, "data": {"e": "trade", "E": 1761342320616, "s": "BTCUSDT", "t": 5387826564, "p": "111018.60000000", "q": "0.00005000", "T": 1761342320615, "m": false, "M": true}}
{"type": "trades", "local_time": 1761342320559, "event_time": 1761342320616, "latency_ms": -57, "data": {"e": "trade", "E": 1761342320616, "s": "BTCUSDT", "t": 5387826565, "p": "111018.60000000", "q": "0.00005000", "T": 1761342320615, "m": false, "M": true}}
{"type": "trades", "local_time": 1761342320559, "event_time": 1761342320616, "latency_ms": -57, "data": {"e": "trade", "E": 1761342320616, "s": "BTCUSDT", "t": 5387826566, "p": "111018.60000000", "q": "0.00020000", "T": 1761342320615, "m": false, "M": true}}
{"type": "trades", "local_time": 1761342321476, "event_time": 1761342321555, "latency_ms": -79, "data": {"e": "trade", "E": 1761342321555, "s": "BTCUSDT", "t": 5387826567, "p": "111018.59000000", "q": "0.00171000", "T": 1761342321555, "m": true, "M": true}}
{"type": "trades", "local_time": 1761342321549, "event_time": 1761342321626, "latency_ms": -77, "data": {"e": "trade", "E": 1761342321626, "s": "BTCUSDT", "t": 5387826568, "p": "111018.60000000", "q": "0.00076000", "T": 1761342321626, "m": false, "M": true}}
{"type": "trades", "local_time": 1761342323013, "event_time": 1761342323094, "latency_ms": -81, "data": {"e": "trade", "E": 1761342323094, "s": "BTCUSDT", "t": 5387826569, "p": "111018.59000000", "q": "0.00180000", "T": 1761342323093, "m": true, "M": true}}
{"type": "trades", "local_time": 1761342324916, "event_time": 1761342324981, "latency_ms": -65, "data": {"e": "trade", "E": 1761342324981, "s": "BTCUSDT", "t": 5387826570, "p": "111018.60000000", "q": "0.00090000", "T": 1761342324981, "m": false, "M": true}}
{"type": "trades", "local_time": 1761342324971, "event_time": 1761342325016, "latency_ms": -45, "data": {"e": "trade", "E": 1761342325016, "s": "BTCUSDT", "t": 5387826571, "p": "111018.60000000", "q": "0.00011000", "T": 1761342325015, "m": false, "M": true}}
{"type": "trades", "local_time": 1761342324972, "event_time": 1761342325016, "latency_ms": -44, "data": {"e": "trade", "E": 1761342325016, "s": "BTCUSDT", "t": 5387826572, "p": "111018.60000000", "q": "0.00022000", "T": 1761342325015, "m": false, "M": true}}
{"type": "trades", "local_time": 1761342324972, "event_time": 1761342325016, "latency_ms": -44, "data": {"e": "trade", "E": 1761342325016, "s": "BTCUSDT", "t": 5387826573, "p": "111018.60000000", "q": "0.00015000", "T": 1761342325015, "m": false, "M": true}}
{"type": "trades", "local_time": 1761342324973, "event_time": 1761342325016, "latency_ms": -43, "data": {"e": "trade", "E": 1761342325016, "s": "BTCUSDT", "t": 5387826574, "p": "111018.60000000", "q": "0.00015000", "T": 1761342325015, "m": false, "M": true}}
{"type": "trades", "local_time": 1761342324974, "event_time": 1761342325016, "latency_ms": -42, "data": {"e": "trade", "E": 1761342325016, "s": "BTCUSDT", "t": 5387826575, "p": "111018.60000000", "q": "0.00092000", "T": 1761342325015, "m": false, "M": true}}
{"type": "trades", "local_time": 1761342324974, "event_time": 1761342325016, "latency_ms": -42, "data": {"e": "trade", "E": 1761342325016, "s": "BTCUSDT", "t": 5387826576, "p": "111018.60000000", "q": "0.00005000", "T": 1761342325015, "m": false, "M": true}}
{"type": "trades", "local_time": 1761342324975, "event_time": 1761342325016, "latency_ms": -41, "data": {"e": "trade", "E": 1761342325016, "s": "BTCUSDT", "t": 5387826577, "p": "111018.60000000", "q": "0.00005000", "T": 1761342325015, "m": false, "M": true}}
{"type": "trades", "local_time": 1761342324975, "event_time": 1761342325016, "latency_ms": -41, "data": {"e": "trade", "E": 1761342325016, "s": "BTCUSDT", "t": 5387826578, "p": "111018.60000000", "q": "0.00005000", "T": 1761342325015, "m": false, "M": true}}
{"type": "trades", "local_time": 1761342324976, "event_time": 1761342325016, "latency_ms": -40, "data": {"e": "trade", "E": 1761342325016, "s": "BTCUSDT", "t": 5387826579, "p": "111018.60000000", "q": "0.00005000", "T": 1761342325015, "m": false, "M": true}}
{"type": "trades", "local_time": 1761342324976, "event_time": 1761342325016, "latency_ms": -40, "data": {"e": "trade", "E": 1761342325016, "s": "BTCUSDT", "t": 5387826580, "p": "111018.60000000", "q": "0.00005000", "T": 1761342325015, "m": false, "M": true}}
{"type": "trades", "local_time": 1761342324976, "event_time": 1761342325016, "latency_ms": -40, "data": {"e": "trade", "E": 1761342325016, "s": "BTCUSDT", "t": 5387826581, "p": "111018.60000000", "q": "0.00005000", "T": 1761342325015, "m": false, "M": true}}
{"type": "trades", "local_time": 1761342324977, "event_time": 1761342325016, "latency_ms": -39, "data": {"e": "trade", "E": 1761342325016, "s": "BTCUSDT", "t": 5387826582, "p": "111018.60000000", "q": "0.00005000", "T": 1761342325015, "m": false, "M": true}}
{"type": "trades", "local_time": 1761342324977, "event_time": 1761342325016, "latency_ms": -39, "data": {"e": "trade", "E": 1761342325016, "s": "BTCUSDT", "t": 5387826583, "p": "111018.60000000", "q": "0.00249000", "T": 1761342325015, "m": false, "M": true}}
{"type": "trades", "local_time": 1761342324978, "event_time": 1761342325016, "latency_ms": -38, "data": {"e": "trade", "E": 1761342325016, "s": "BTCUSDT", "t": 5387826584, "p": "111018.60000000", "q": "0.00005000", "T": 1761342325015, "m": false, "M": true}}
{"type": "trades", "local_time": 1761342324978, "event_time": 1761342325016, "latency_ms": -38, "data": {"e": "trade", "E": 1761342325016, "s": "BTCUSDT", "t": 5387826585, "p": "111018.60000000", "q": "0.00005000", "T": 1761342325015, "m": false, "M": true}}
{"type": "trades", "local_time": 1761342324978, "event_time": 1761342325016, "latency_ms": -38, "data": {"e": "trade", "E": 1761342325016, "s": "BTCUSDT", "t": 5387826586, "p": "111018.60000000", "q": "0.00005000", "T": 1761342325015, "m": false, "M": true}}
{"type": "trades", "local_time": 1761342324979, "event_time": 1761342325016, "latency_ms": -37, "data": {"e": "trade", "E": 1761342325016, "s": "BTCUSDT", "t": 5387826587, "p": "111018.60000000", "q": "0.00005000", "T": 1761342325015, "m": false, "M": true}}
{"type": "trades", "local_time": 1761342324979, "event_time": 1761342325016, "latency_ms": -37, "data": {"e": "trade", "E": 1761342325016, "s": "BTCUSDT", "t": 5387826588, "p": "111018.60000000", "q": "0.00005000", "T": 1761342325015, "m": false, "M": true}}
{"type": "trades", "local_time": 1761342324979, "event_time": 1761342325016, "latency_ms": -37, "data": {"e": "trade", "E": 1761342325016, "s": "BTCUSDT", "t": 5387826589, "p": "111018.60000000", "q": "0.00005000", "T": 1761342325015, "m": false, "M": true}}
{"type": "trades", "local_time": 1761342324980, "event_time": 1761342325016, "latency_ms": -36, "data": {"e": "trade", "E": 1761342325016, "s": "BTCUSDT", "t": 5387826590, "p": "111018.60000000", "q": "0.00005000", "T": 1761342325015, "m": false, "M": true}}
{"type": "trades", "local_time": 1761342324980, "event_time": 1761342325016, "latency_ms": -36, "data": {"e": "trade", "E": 1761342325016, "s": "BTCUSDT", "t": 5387826591, "p": "111018.60000000", "q": "0.00005000", "T": 1761342325015, "m": false, "M": true}}
{"type": "trades", "local_time": 1761342324980, "event_time": 1761342325016, "latency_ms": -36, "data": {"e": "trade", "E": 1761342325016, "s": "BTCUSDT", "t": 5387826592, "p": "111018.60000000", "q": "0.00005000", "T": 1761342325015, "m": false, "M": true}}
{"type": "trades", "local_time": 1761342324980, "event_time": 1761342325016, "latency_ms": -36, "data": {"e": "trade", "E": 1761342325016, "s": "BTCUSDT", "t": 5387826593, "p": "111018.60000000", "q": "0.00005000", "T": 1761342325015, "m": false, "M": true}}
{"type": "trades", "local_time": 1761342324981, "event_time": 1761342325016, "latency_ms": -35, "data": {"e": "trade", "E": 1761342325016, "s": "BTCUSDT", "t": 5387826594, "p": "111018.60000000", "q": "0.00005000", "T": 1761342325015, "m": false, "M": true}}
{"type": "trades", "local_time": 1761342324981, "event_time": 1761342325016, "latency_ms": -35, "data": {"e": "trade", "E": 1761342325016, "s": "BTCUSDT", "t": 5387826595, "p": "111018.60000000", "q": "0.00005000", "T": 1761342325015, "m": false, "M": true}}
{"type": "trades", "local_time": 1761342324981, "event_time": 1761342325016, "latency_ms": -35, "data": {"e": "trade", "E": 1761342325016, "s": "BTCUSDT", "t": 5387826596, "p": "111018.60000000", "q": "0.00005000", "T": 1761342325015, "m": false, "M": true}}
{"type": "trades", "local_time": 1761342324982, "event_time": 1761342325016, "latency_ms": -34, "data": {"e": "trade", "E": 1761342325016, "s": "BTCUSDT", "t": 5387826597, "p": "111018.60000000", "q": "0.00005000", "T": 1761342325015, "m": false, "M": true}}
{"type": "trades", "local_time": 1761342324982, "event_time": 1761342325016, "latency_ms": -34, "data": {"e": "trade", "E": 1761342325016, "s": "BTCUSDT", "t": 5387826598, "p": "111018.60000000", "q": "0.00005000", "T": 1761342325015, "m": false, "M": true}}
{"type": "trades", "local_time": 1761342324983, "event_time": 1761342325016, "latency_ms": -33, "data": {"e": "trade", "E": 1761342325016, "s": "BTCUSDT", "t": 5387826599, "p": "111018.60000000", "q": "0.00005000", "T": 1761342325015, "m": false, "M": true}}
{"type": "trades", "local_time": 1761342324983, "event_time": 1761342325016, "latency_ms": -33, "data": {"e": "trade", "E": 1761342325016, "s": "BTCUSDT", "t": 5387826600, "p": "111018.60000000", "q": "0.00005000", "T": 1761342325015, "m": false, "M": true}}
{"type": "trades", "local_time": 1761342324983, "event_time": 1761342325016, "latency_ms": -33, "data": {"e": "trade", "E": 1761342325016, "s": "BTCUSDT", "t": 5387826601, "p": "111018.61000000", "q": "0.00005000", "T": 1761342325015, "m": false, "M": true}}
{"type": "trades", "local_time": 1761342324984, "event_time": 1761342325016, "latency_ms": -32, "data": {"e": "trade", "E": 1761342325016, "s": "BTCUSDT", "t": 5387826602, "p": "111018.61000000", "q": "0.00005000", "T": 1761342325015, "m": false, "M": true}}
{"type": "trades", "local_time": 1761342324984, "event_time": 1761342325016, "latency_ms": -32, "data": {"e": "trade", "E": 1761342325016, "s": "BTCUSDT", "t": 5387826603, "p": "111018.61000000", "q": "0.00005000", "T": 1761342325015, "m": false, "M": true}}
{"type": "trades", "local_time": 1761342324984, "event_time": 1761342325016, "latency_ms": -32, "data": {"e": "trade", "E": 1761342325016, "s": "BTCUSDT", "t": 5387826604, "p": "111018.61000000", "q": "0.00005000", "T": 1761342325015, "m": false, "M": true}}
{"type": "trades", "local_time": 1761342324985, "event_time": 1761342325016, "latency_ms": -31, "data": {"e": "trade", "E": 1761342325016, "s": "BTCUSDT", "t": 5387826605, "p": "111018.61000000", "q": "0.00005000", "T": 1761342325015, "m": false, "M": true}}
{"type": "trades", "local_time": 1761342324985, "event_time": 1761342325016, "latency_ms": -31, "data": {"e": "trade", "E": 1761342325016, "s": "BTCUSDT", "t": 5387826606, "p": "111018.61000000", "q": "0.00005000", "T": 1761342325015, "m": false, "M": true}}
{"type": "trades", "local_time": 1761342324985, "event_time": 1761342325016, "latency_ms": -31, "data": {"e": "trade", "E": 1761342325016, "s": "BTCUSDT", "t": 5387826607, "p": "111018.61000000", "q": "0.04503000", "T": 1761342325015, "m": false, "M": true}}
{"type": "trades", "local_time": 1761342324986, "event_time": 1761342325016, "latency_ms": -30, "data": {"e": "trade", "E": 1761342325016, "s": "BTCUSDT", "t": 5387826608, "p": "111018.61000000", "q": "0.00005000", "T": 1761342325015, "m": false, "M": true}}
{"type": "trades", "local_time": 1761342324986, "event_time": 1761342325016, "latency_ms": -30, "data": {"e": "trade", "E": 1761342325016, "s": "BTCUSDT", "t": 5387826609, "p": "111018.61000000", "q": "0.00005000", "T": 1761342325015, "m": false, "M": true}}
{"type": "trades", "local_time": 1761342324986, "event_time": 1761342325016, "latency_ms": -30, "data": {"e": "trade", "E": 1761342325016, "s": "BTCUSDT", "t": 5387826610, "p": "111018.61000000", "q": "0.00005000", "T": 1761342325015, "m": false, "M": true}}
{"type": "trades", "local_time": 1761342324987, "event_time": 1761342325016, "latency_ms": -29, "data": {"e": "trade", "E": 1761342325016, "s": "BTCUSDT", "t": 5387826611, "p": "111018.61000000", "q": "0.00005000", "T": 1761342325015, "m": false, "M": true}}
{"type": "trades", "local_time": 1761342324987, "event_time": 1761342325016, "latency_ms": -29, "data": {"e": "trade", "E": 1761342325016, "s": "BTCUSDT", "t": 5387826612, "p": "111018.61000000", "q": "0.00005000", "T": 1761342325015, "m": false, "M": true}}
{"type": "trades", "local_time": 1761342324988, "event_time": 1761342325016, "latency_ms": -28, "data": {"e": "trade", "E": 1761342325016, "s": "BTCUSDT", "t": 5387826613, "p": "111018.61000000", "q": "0.00005000", "T": 1761342325015, "m": false, "M": true}}
{"type": "trades", "local_time": 1761342324988, "event_time": 1761342325016, "latency_ms": -28, "data": {"e": "trade", "E": 1761342325016, "s": "BTCUSDT", "t": 5387826614, "p": "111018.61000000", "q": "0.00005000", "T": 1761342325015, "m": false, "M": true}}
{"type": "trades", "local_time": 1761342324988, "event_time": 1761342325016, "latency_ms": -28, "data": {"e": "trade", "E": 1761342325016, "s": "BTCUSDT", "t": 5387826615, "p": "111018.61000000", "q": "0.00550000", "T": 1761342325015, "m": false, "M": true}}
{"type": "trades", "local_time": 1761342324989, "event_time": 1761342325016, "latency_ms": -27, "data": {"e": "trade", "E": 1761342325016, "s": "BTCUSDT", "t": 5387826616, "p": "111019.32000000", "q": "0.00005000", "T": 1761342325015, "m": false, "M": true}}
{"type": "trades", "local_time": 1761342324989, "event_time": 1761342325016, "latency_ms": -27, "data": {"e": "trade", "E": 1761342325016, "s": "BTCUSDT", "t": 5387826617, "p": "111019.65000000", "q": "0.00011000", "T": 1761342325015, "m": false, "M": true}}
{"type": "trades", "local_time": 1761342324989, "event_time": 1761342325016, "latency_ms": -27, "data": {"e": "trade", "E": 1761342325016, "s": "BTCUSDT", "t": 5387826618, "p": "111019.71000000", "q": "0.00099000", "T": 1761342325015, "m": false, "M": true}}
{"type": "trades", "local_time": 1761342324990, "event_time": 1761342325016, "latency_ms": -26, "data": {"e": "trade", "E": 1761342325016, "s": "BTCUSDT", "t": 5387826619, "p": "111019.71000000", "q": "0.00005000", "T": 1761342325015, "m": false, "M": true}}
{"type": "trades", "local_time": 1761342324990, "event_time": 1761342325016, "latency_ms": -26, "data": {"e": "trade", "E": 1761342325016, "s": "BTCUSDT", "t": 5387826620, "p": "111019.71000000", "q": "0.00005000", "T": 1761342325015, "m": false, "M": true}}
{"type": "trades", "local_time": 1761342324990, "event_time": 1761342325016, "latency_ms": -26, "data": {"e": "trade", "E": 1761342325016, "s": "BTCUSDT", "t": 5387826621, "p": "111019.99000000", "q": "0.00005000", "T": 1761342325015, "m": false, "M": true}}
{"type": "trades", "local_time": 1761342324991, "event_time": 1761342325016, "latency_ms": -25, "data": {"e": "trade", "E": 1761342325016, "s": "BTCUSDT", "t": 5387826622, "p": "111019.99000000", "q": "0.00005000", "T": 1761342325015, "m": false, "M": true}}
{"type": "trades", "local_time": 1761342324991, "event_time": 1761342325016, "latency_ms": -25, "data": {"e": "trade", "E": 1761342325016, "s": "BTCUSDT", "t": 5387826623, "p": "111019.99000000", "q": "0.00005000", "T": 1761342325015, "m": false, "M": true}}
{"type": "trades", "local_time": 1761342324992, "event_time": 1761342325016, "latency_ms": -24, "data": {"e": "trade", "E": 1761342325016, "s": "BTCUSDT", "t": 5387826624, "p": "111020.00000000", "q": "0.00120000", "T": 1761342325015, "m": false, "M": true}}
{"type": "trades", "local_time": 1761342324992, "event_time": 1761342325016, "latency_ms": -24, "data": {"e": "trade", "E": 1761342325016, "s": "BTCUSDT", "t": 5387826625, "p": "111020.00000000", "q": "0.00020000", "T": 1761342325015, "m": false, "M": true}}
{"type": "trades", "local_time": 1761342324992, "event_time": 1761342325016, "latency_ms": -24, "data": {"e": "trade", "E": 1761342325016, "s": "BTCUSDT", "t": 5387826626, "p": "111020.00000000", "q": "0.00020000", "T": 1761342325015, "m": false, "M": true}}
{"type": "trades", "local_time": 1761342324993, "event_time": 1761342325016, "latency_ms": -23, "data": {"e": "trade", "E": 1761342325016, "s": "BTCUSDT", "t": 5387826627, "p": "111020.00000000", "q": "0.01801000", "T": 1761342325015, "m": false, "M": true}}
{"type": "trades", "local_time": 1761342324993, "event_time": 1761342325016, "latency_ms": -23, "data": {"e": "trade", "E": 1761342325016, "s": "BTCUSDT", "t": 5387826628, "p": "111020.00000000", "q": "0.00040000", "T": 1761342325015, "m": false, "M": true}}
{"type": "trades", "local_time": 1761342324993, "event_time": 1761342325016, "latency_ms": -23, "data": {"e": "trade", "E": 1761342325016, "s": "BTCUSDT", "t": 5387826629, "p": "111020.00000000", "q": "0.00005000", "T": 1761342325015, "m": false, "M": true}}
{"type": "trades", "local_time": 1761342324994, "event_time": 1761342325016, "latency_ms": -22, "data": {"e": "trade", "E": 1761342325016, "s": "BTCUSDT", "t": 5387826630, "p": "111020.00000000", "q": "0.00005000", "T": 1761342325015, "m": false, "M": true}}
{"type": "trades", "local_time": 1761342324994, "event_time": 1761342325016, "latency_ms": -22, "data": {"e": "trade", "E": 1761342325016, "s": "BTCUSDT", "t": 5387826631, "p": "111020.00000000", "q": "0.00005000", "T": 1761342325015, "m": false, "M": true}}
{"type": "trades", "local_time": 1761342324994, "event_time": 1761342325016, "latency_ms": -22, "data": {"e": "trade", "E": 1761342325016, "s": "BTCUSDT", "t": 5387826632, "p": "111020.00000000", "q": "0.00005000", "T": 1761342325015, "m": false, "M": true}}
{"type": "trades", "local_time": 1761342324995, "event_time": 1761342325016, "latency_ms": -21, "data": {"e": "trade", "E": 1761342325016, "s": "BTCUSDT", "t": 5387826633, "p": "111020.47000000", "q": "0.00059000", "T": 1761342325015, "m": false, "M": true}}
{"type": "trades", "local_time": 1761342324995, "event_time": 1761342325016, "latency_ms": -21, "data": {"e": "trade", "E": 1761342325016, "s": "BTCUSDT", "t": 5387826634, "p": "111020.57000000", "q": "0.00038000", "T": 1761342325015, "m": false, "M": true}}
{"type": "trades", "local_time": 1761342324995, "event_time": 1761342325016, "latency_ms": -21, "data": {"e": "trade", "E": 1761342325016, "s": "BTCUSDT", "t": 5387826635, "p": "111021.37000000", "q": "0.00198000", "T": 1761342325015, "m": false, "M": true}}
{"type": "trades", "local_time": 1761342324996, "event_time": 1761342325016, "latency_ms": -20, "data": {"e": "trade", "E": 1761342325016, "s": "BTCUSDT", "t": 5387826636, "p": "111021.69000000", "q": "0.00150000", "T": 1761342325015, "m": false, "M": true}}
{"type": "trades", "local_time": 1761342324996, "event_time": 1761342325016, "latency_ms": -20, "data": {"e": "trade", "E": 1761342325016, "s": "BTCUSDT", "t": 5387826637, "p": "111021.78000000", "q": "0.00300000", "T": 1761342325015, "m": false, "M": true}}
{"type": "trades", "local_time": 1761342324997, "event_time": 1761342325016, "latency_ms": -19, "data": {"e": "trade", "E": 1761342325016, "s": "BTCUSDT", "t": 5387826638, "p": "111021.90000000", "q": "0.00005000", "T": 1761342325015, "m": false, "M": true}}
{"type": "trades", "local_time": 1761342324997, "event_time": 1761342325016, "latency_ms": -19, "data": {"e": "trade", "E": 1761342325016, "s": "BTCUSDT", "t": 5387826639, "p": "111022.00000000", "q": "0.00120000", "T": 1761342325015, "m": false, "M": true}}
{"type": "trades", "local_time": 1761342324997, "event_time": 1761342325016, "latency_ms": -19, "data": {"e": "trade", "E": 1761342325016, "s": "BTCUSDT", "t": 5387826640, "p": "111022.00000000", "q": "0.00020000", "T": 1761342325015, "m": false, "M": true}}
{"type": "trades", "local_time": 1761342324998, "event_time": 1761342325016, "latency_ms": -18, "data": {"e": "trade", "E": 1761342325016, "s": "BTCUSDT", "t": 5387826641, "p": "111022.00000000", "q": "0.00020000", "T": 1761342325015, "m": false, "M": true}}
{"type": "trades", "local_time": 1761342324998, "event_time": 1761342325016, "latency_ms": -18, "data": {"e": "trade", "E": 1761342325016, "s": "BTCUSDT", "t": 5387826642, "p": "111023.04000000", "q": "0.00360000", "T": 1761342325015, "m": false, "M": true}}
{"type": "trades", "local_time": 1761342324998, "event_time": 1761342325016, "latency_ms": -18, "data": {"e": "trade", "E": 1761342325016, "s": "BTCUSDT", "t": 5387826643, "p": "111023.23000000", "q": "0.00051000", "T": 1761342325015, "m": false, "M": true}}
{"type": "trades", "local_time": 1761342324999, "event_time": 1761342325016, "latency_ms": -17, "data": {"e": "trade", "E": 1761342325016, "s": "BTCUSDT", "t": 5387826644, "p": "111023.97000000", "q": "0.00036000", "T": 1761342325015, "m": false, "M": true}}
{"type": "trades", "local_time": 1761342324999, "event_time": 1761342325016, "latency_ms": -17, "data": {"e": "trade", "E": 1761342325016, "s": "BTCUSDT", "t": 5387826645, "p": "111024.00000000", "q": "0.00120000", "T": 1761342325015, "m": false, "M": true}}
{"type": "trades", "local_time": 1761342325000, "event_time": 1761342325016, "latency_ms": -16, "data": {"e": "trade", "E": 1761342325016, "s": "BTCUSDT", "t": 5387826646, "p": "111024.00000000", "q": "0.00020000", "T": 1761342325015, "m": false, "M": true}}
{"type": "trades", "local_time": 1761342325000, "event_time": 1761342325016, "latency_ms": -16, "data": {"e": "trade", "E": 1761342325016, "s": "BTCUSDT", "t": 5387826647, "p": "111024.00000000", "q": "0.00020000", "T": 1761342325015, "m": false, "M": true}}
{"type": "trades", "local_time": 1761342325001, "event_time": 1761342325016, "latency_ms": -15, "data": {"e": "trade", "E": 1761342325016, "s": "BTCUSDT", "t": 5387826648, "p": "111024.69000000", "q": "0.00005000", "T": 1761342325015, "m": false, "M": true}}
{"type": "trades", "local_time": 1761342325001, "event_time": 1761342325016, "latency_ms": -15, "data": {"e": "trade", "E": 1761342325016, "s": "BTCUSDT", "t": 5387826649, "p": "111024.80000000", "q": "0.00005000", "T": 1761342325015, "m": false, "M": true}}
{"type": "trades", "local_time": 1761342325002, "event_time": 1761342325016, "latency_ms": -14, "data": {"e": "trade", "E": 1761342325016, "s": "BTCUSDT", "t": 5387826650, "p": "111025.20000000", "q": "0.00005000", "T": 1761342325015, "m": false, "M": true}}
{"type": "trades", "local_time": 1761342325002, "event_time": 1761342325016, "latency_ms": -14, "data": {"e": "trade", "E": 1761342325016, "s": "BTCUSDT", "t": 5387826651, "p": "111025.26000000", "q": "0.00540000", "T": 1761342325015, "m": false, "M": true}}
{"type": "trades", "local_time": 1761342325003, "event_time": 1761342325016, "latency_ms": -13, "data": {"e": "trade", "E": 1761342325016, "s": "BTCUSDT", "t": 5387826652, "p": "111025.26000000", "q": "0.00005000", "T": 1761342325015, "m": false, "M": true}}
{"type": "trades", "local_time": 1761342325003, "event_time": 1761342325016, "latency_ms": -13, "data": {"e": "trade", "E": 1761342325016, "s": "BTCUSDT", "t": 5387826653, "p": "111025.48000000", "q": "0.00040000", "T": 1761342325015, "m": false, "M": true}}
{"type": "trades", "local_time": 1761342325004, "event_time": 1761342325016, "latency_ms": -12, "data": {"e": "trade", "E": 1761342325016, "s": "BTCUSDT", "t": 5387826654, "p": "111026.00000000", "q": "0.00120000", "T": 1761342325015, "m": false, "M": true}}
{"type": "trades", "local_time": 1761342325004, "event_time": 1761342325016, "latency_ms": -12, "data": {"e": "trade", "E": 1761342325016, "s": "BTCUSDT", "t": 5387826655, "p": "111026.00000000", "q": "0.00020000", "T": 1761342325015, "m": false, "M": true}}
{"type": "trades", "local_time": 1761342325005, "event_time": 1761342325016, "latency_ms": -11, "data": {"e": "trade", "E": 1761342325016, "s": "BTCUSDT", "t": 5387826656, "p": "111026.00000000", "q": "0.00020000", "T": 1761342325015, "m": false, "M": true}}
{"type": "trades", "local_time": 1761342325005, "event_time": 1761342325016, "latency_ms": -11, "data": {"e": "trade", "E": 1761342325016, "s": "BTCUSDT", "t": 5387826657, "p": "111026.13000000", "q": "0.00079000", "T": 1761342325015, "m": false, "M": true}}
{"type": "trades", "local_time": 1761342325005, "event_time": 1761342325016, "latency_ms": -11, "data": {"e": "trade", "E": 1761342325016, "s": "BTCUSDT", "t": 5387826658, "p": "111027.22000000", "q": "0.00005000", "T": 1761342325015, "m": false, "M": true}}
{"type": "trades", "local_time": 1761342325194, "event_time": 1761342325269, "latency_ms": -75, "data": {"e": "trade", "E": 1761342325269, "s": "BTCUSDT", "t": 5387826659, "p": "111027.22000000", "q": "0.00032000", "T": 1761342325269, "m": true, "M": true}}
{"type": "trades", "local_time": 1761342325624, "event_time": 1761342325697, "latency_ms": -73, "data": {"e": "trade", "E": 1761342325697, "s": "BTCUSDT", "t": 5387826660, "p": "111027.22000000", "q": "0.02637000", "T": 1761342325696, "m": true, "M": true}}
{"type": "trades", "local_time": 1761342325865, "event_time": 1761342325925, "latency_ms": -60, "data": {"e": "trade", "E": 1761342325925, "s": "BTCUSDT", "t": 5387826661, "p": "111027.22000000", "q": "0.03492000", "T": 1761342325925, "m": true, "M": true}}
{"type": "trades", "local_time": 1761342325866, "event_time": 1761342325925, "latency_ms": -59, "data": {"e": "trade", "E": 1761342325925, "s": "BTCUSDT", "t": 5387826662, "p": "111027.22000000", "q": "0.03873000", "T": 1761342325925, "m": true, "M": true}}
{"type": "trades", "local_time": 1761342326152, "event_time": 1761342326226, "latency_ms": -74, "data": {"e": "trade", "E": 1761342326226, "s": "BTCUSDT", "t": 5387826663, "p": "111027.22000000", "q": "0.00010000", "T": 1761342326226, "m": true, "M": true}}
{"type": "trades", "local_time": 1761342326883, "event_time": 1761342326962, "latency_ms": -79, "data": {"e": "trade", "E": 1761342326962, "s": "BTCUSDT", "t": 5387826664, "p": "111027.22000000", "q": "0.00010000", "T": 1761342326962, "m": true, "M": true}}
{"type": "trades", "local_time": 1761342328858, "event_time": 1761342328936, "latency_ms": -78, "data": {"e": "trade", "E": 1761342328936, "s": "BTCUSDT", "t": 5387826665, "p": "111027.22000000", "q": "0.00225000", "T": 1761342328936, "m": true, "M": true}}
{"type": "trades", "local_time": 1761342329341, "event_time": 1761342329417, "latency_ms": -76, "data": {"e": "trade", "E": 1761342329417, "s": "BTCUSDT", "t": 5387826666, "p": "111027.22000000", "q": "0.00090000", "T": 1761342329417, "m": true, "M": true}}
{"type": "trades", "local_time": 1761342329365, "event_time": 1761342329440, "latency_ms": -75, "data": {"e": "trade", "E": 1761342329440, "s": "BTCUSDT", "t": 5387826667, "p": "111027.22000000", "q": "0.00008000", "T": 1761342329440, "m": true, "M": true}}
{"type": "trades", "local_time": 1761342329641, "event_time": 1761342329716, "latency_ms": -75, "data": {"e": "trade", "E": 1761342329716, "s": "BTCUSDT", "t": 5387826668, "p": "111027.22000000", "q": "0.02866000", "T": 1761342329716, "m": true, "M": true}}
{"type": "trades", "local_time": 1761342329949, "event_time": 1761342330026, "latency_ms": -77, "data": {"e": "trade", "E": 1761342330026, "s": "BTCUSDT", "t": 5387826669, "p": "111027.22000000", "q": "0.00030000", "T": 1761342330026, "m": true, "M": true}}
{"type": "trades", "local_time": 1761342330197, "event_time": 1761342330249, "latency_ms": -52, "data": {"e": "trade", "E": 1761342330249, "s": "BTCUSDT", "t": 5387826670, "p": "111027.22000000", "q": "0.00019000", "T": 1761342330249, "m": true, "M": true}}
{"type": "trades", "local_time": 1761342330501, "event_time": 1761342330574, "latency_ms": -73, "data": {"e": "trade", "E": 1761342330574, "s": "BTCUSDT", "t": 5387826671, "p": "111027.22000000", "q": "0.00470000", "T": 1761342330573, "m": true, "M": true}}
{"type": "trades", "local_time": 1761342330762, "event_time": 1761342330816, "latency_ms": -54, "data": {"e": "trade", "E": 1761342330816, "s": "BTCUSDT", "t": 5387826672, "p": "111027.23000000", "q": "0.00874000", "T": 1761342330816, "m": false, "M": true}}
{"type": "trades", "local_time": 1761342332218, "event_time": 1761342332292, "latency_ms": -74, "data": {"e": "trade", "E": 1761342332292, "s": "BTCUSDT", "t": 5387826673, "p": "111027.22000000", "q": "0.00221000", "T": 1761342332292, "m": true, "M": true}}
{"type": "trades", "local_time": 1761342332944, "event_time": 1761342333016, "latency_ms": -72, "data": {"e": "trade", "E": 1761342333016, "s": "BTCUSDT", "t": 5387826674, "p": "111027.23000000", "q": "0.27028000", "T": 1761342333016, "m": false, "M": true}}
{"type": "trades", "local_time": 1761342333440, "event_time": 1761342333514, "latency_ms": -74, "data": {"e": "trade", "E": 1761342333514, "s": "BTCUSDT", "t": 5387826675, "p": "111027.23000000", "q": "0.02510000", "T": 1761342333514, "m": false, "M": true}}
{"type": "trades", "local_time": 1761342334387, "event_time": 1761342334449, "latency_ms": -62, "data": {"e": "trade", "E": 1761342334449, "s": "BTCUSDT", "t": 5387826676, "p": "111027.23000000", "q": "0.00180000", "T": 1761342334449, "m": false, "M": true}}
{"type": "trades", "local_time": 1761342334915, "event_time": 1761342334981, "latency_ms": -66, "data": {"e": "trade", "E": 1761342334981, "s": "BTCUSDT", "t": 5387826677, "p": "111027.22000000", "q": "0.00008000", "T": 1761342334981, "m": true, "M": true}}
{"type": "trades", "local_time": 1761342334964, "event_time": 1761342335020, "latency_ms": -56, "data": {"e": "trade", "E": 1761342335020, "s": "BTCUSDT", "t": 5387826678, "p": "111027.23000000", "q": "0.03653000", "T": 1761342335019, "m": false, "M": true}}
{"type": "trades", "local_time": 1761342334966, "event_time": 1761342335020, "latency_ms": -54, "data": {"e": "trade", "E": 1761342335020, "s": "BTCUSDT", "t": 5387826679, "p": "111027.23000000", "q": "0.00005000", "T": 1761342335019, "m": false, "M": true}}
{"type": "trades", "local_time": 1761342334967, "event_time": 1761342335020, "latency_ms": -53, "data": {"e": "trade", "E": 1761342335020, "s": "BTCUSDT", "t": 5387826680, "p": "111027.23000000", "q": "0.00005000", "T": 1761342335019, "m": false, "M": true}}
{"type": "trades", "local_time": 1761342334967, "event_time": 1761342335020, "latency_ms": -53, "data": {"e": "trade", "E": 1761342335020, "s": "BTCUSDT", "t": 5387826681, "p": "111027.23000000", "q": "0.00005000", "T": 1761342335019, "m": false, "M": true}}
{"type": "trades", "local_time": 1761342334968, "event_time": 1761342335020, "latency_ms": -52, "data": {"e": "trade", "E": 1761342335020, "s": "BTCUSDT", "t": 5387826682, "p": "111027.23000000", "q": "0.00005000", "T": 1761342335019, "m": false, "M": true}}
{"type": "trades", "local_time": 1761342334969, "event_time": 1761342335020, "latency_ms": -51, "data": {"e": "trade", "E": 1761342335020, "s": "BTCUSDT", "t": 5387826683, "p": "111027.23000000", "q": "0.00005000", "T": 1761342335019, "m": false, "M": true}}
{"type": "trades", "local_time": 1761342334970, "event_time": 1761342335020, "latency_ms": -50, "data": {"e": "trade", "E": 1761342335020, "s": "BTCUSDT", "t": 5387826684, "p": "111027.23000000", "q": "0.00005000", "T": 1761342335019, "m": false, "M": true}}
{"type": "trades", "local_time": 1761342334971, "event_time": 1761342335020, "latency_ms": -49, "data": {"e": "trade", "E": 1761342335020, "s": "BTCUSDT", "t": 5387826685, "p": "111027.23000000", "q": "0.00005000", "T": 1761342335019, "m": false, "M": true}}
{"type": "trades", "local_time": 1761342334972, "event_time": 1761342335020, "latency_ms": -48, "data": {"e": "trade", "E": 1761342335020, "s": "BTCUSDT", "t": 5387826686, "p": "111027.23000000", "q": "0.00005000", "T": 1761342335019, "m": false, "M": true}}
{"type": "trades", "local_time": 1761342334973, "event_time": 1761342335020, "latency_ms": -47, "data": {"e": "trade", "E": 1761342335020, "s": "BTCUSDT", "t": 5387826687, "p": "111027.23000000", "q": "0.00248000", "T": 1761342335019, "m": false, "M": true}}
{"type": "trades", "local_time": 1761342334974, "event_time": 1761342335020, "latency_ms": -46, "data": {"e": "trade", "E": 1761342335020, "s": "BTCUSDT", "t": 5387826688, "p": "111027.23000000", "q": "0.00005000", "T": 1761342335019, "m": false, "M": true}}
{"type": "trades", "local_time": 1761342334975, "event_time": 1761342335020, "latency_ms": -45, "data": {"e": "trade", "E": 1761342335020, "s": "BTCUSDT", "t": 5387826689, "p": "111027.23000000", "q": "0.00244000", "T": 1761342335019, "m": false, "M": true}}
{"type": "trades", "local_time": 1761342334975, "event_time": 1761342335020, "latency_ms": -45, "data": {"e": "trade", "E": 1761342335020, "s": "BTCUSDT", "t": 5387826690, "p": "111027.23000000", "q": "0.00005000", "T": 1761342335019, "m": false, "M": true}}
{"type": "trades", "local_time": 1761342334976, "event_time": 1761342335020, "latency_ms": -44, "data": {"e": "trade", "E": 1761342335020, "s": "BTCUSDT", "t": 5387826691, "p": "111027.23000000", "q": "0.00005000", "T": 1761342335019, "m": false, "M": true}}
{"type": "trades", "local_time": 1761342334978, "event_time": 1761342335020, "latency_ms": -42, "data": {"e": "trade", "E": 1761342335020, "s": "BTCUSDT", "t": 5387826692, "p": "111027.23000000", "q": "0.00005000", "T": 1761342335019, "m": false, "M": true}}
{"type": "trades", "local_time": 1761342334980, "event_time": 1761342335020, "latency_ms": -40, "data": {"e": "trade", "E": 1761342335020, "s": "BTCUSDT", "t": 5387826693, "p": "111027.23000000", "q": "0.00005000", "T": 1761342335019, "m": false, "M": true}}
{"type": "trades", "local_time": 1761342334980, "event_time": 1761342335020, "latency_ms": -40, "data": {"e": "trade", "E": 1761342335020, "s": "BTCUSDT", "t": 5387826694, "p": "111027.23000000", "q": "0.00005000", "T": 1761342335019, "m": false, "M": true}}
{"type": "trades", "local_time": 1761342334981, "event_time": 1761342335020, "latency_ms": -39, "data": {"e": "trade", "E": 1761342335020, "s": "BTCUSDT", "t": 5387826695, "p": "111027.23000000", "q": "0.00005000", "T": 1761342335019, "m": false, "M": true}}
{"type": "trades", "local_time": 1761342334982, "event_time": 1761342335020, "latency_ms": -38, "data": {"e": "trade", "E": 1761342335020, "s": "BTCUSDT", "t": 5387826696, "p": "111027.23000000", "q": "0.00005000", "T": 1761342335019, "m": false, "M": true}}
{"type": "trades", "local_time": 1761342334982, "event_time": 1761342335020, "latency_ms": -38, "data": {"e": "trade", "E": 1761342335020, "s": "BTCUSDT", "t": 5387826697, "p": "111027.23000000", "q": "0.03625000", "T": 1761342335019, "m": false, "M": true}}
{"type": "trades", "local_time": 1761342334983, "event_time": 1761342335020, "latency_ms": -37, "data": {"e": "trade", "E": 1761342335020, "s": "BTCUSDT", "t": 5387826698, "p": "111027.23000000", "q": "0.00005000", "T": 1761342335019, "m": false, "M": true}}
{"type": "trades", "local_time": 1761342334984, "event_time": 1761342335020, "latency_ms": -36, "data": {"e": "trade", "E": 1761342335020, "s": "BTCUSDT", "t": 5387826699, "p": "111027.23000000", "q": "0.00245000", "T": 1761342335019, "m": false, "M": true}}
{"type": "trades", "local_time": 1761342334985, "event_time": 1761342335020, "latency_ms": -35, "data": {"e": "trade", "E": 1761342335020, "s": "BTCUSDT", "t": 5387826700, "p": "111027.23000000", "q": "0.00005000", "T": 1761342335019, "m": false, "M": true}}
{"type": "trades", "local_time": 1761342334986, "event_time": 1761342335020, "latency_ms": -34, "data": {"e": "trade", "E": 1761342335020, "s": "BTCUSDT", "t": 5387826701, "p": "111027.23000000", "q": "0.00005000", "T": 1761342335019, "m": false, "M": true}}
{"type": "trades", "local_time": 1761342334987, "event_time": 1761342335020, "latency_ms": -33, "data": {"e": "trade", "E": 1761342335020, "s": "BTCUSDT", "t": 5387826702, "p": "111027.23000000", "q": "0.00005000", "T": 1761342335019, "m": false, "M": true}}
{"type": "trades", "local_time": 1761342334988, "event_time": 1761342335020, "latency_ms": -32, "data": {"e": "trade", "E": 1761342335020, "s": "BTCUSDT", "t": 5387826703, "p": "111027.23000000", "q": "0.00005000", "T": 1761342335019, "m": false, "M": true}}
{"type": "trades", "local_time": 1761342334988, "event_time": 1761342335020, "latency_ms": -32, "data": {"e": "trade", "E": 1761342335020, "s": "BTCUSDT", "t": 5387826704, "p": "111027.23000000", "q": "0.00005000", "T": 1761342335019, "m": false, "M": true}}
{"type": "trades", "local_time": 1761342334989, "event_time": 1761342335020, "latency_ms": -31, "data": {"e": "trade", "E": 1761342335020, "s": "BTCUSDT", "t": 5387826705, "p": "111027.23000000", "q": "0.00005000", "T": 1761342335019, "m": false, "M": true}}
{"type": "trades", "local_time": 1761342334990, "event_time": 1761342335020, "latency_ms": -30, "data": {"e": "trade", "E": 1761342335020, "s": "BTCUSDT", "t": 5387826706, "p": "111027.23000000", "q": "0.00005000", "T": 1761342335019, "m": false, "M": true}}
{"type": "trades", "local_time": 1761342334991, "event_time": 1761342335020, "latency_ms": -29, "data": {"e": "trade", "E": 1761342335020, "s": "BTCUSDT", "t": 5387826707, "p": "111027.23000000", "q": "0.00005000", "T": 1761342335019, "m": false, "M": true}}
{"type": "trades", "local_time": 1761342334992, "event_time": 1761342335020, "latency_ms": -28, "data": {"e": "trade", "E": 1761342335020, "s": "BTCUSDT", "t": 5387826708, "p": "111027.23000000", "q": "0.00005000", "T": 1761342335019, "m": false, "M": true}}
{"type": "trades", "local_time": 1761342334993, "event_time": 1761342335020, "latency_ms": -27, "data": {"e": "trade", "E": 1761342335020, "s": "BTCUSDT", "t": 5387826709, "p": "111027.23000000", "q": "0.01991000", "T": 1761342335019, "m": false, "M": true}}
{"type": "trades", "local_time": 1761342335371, "event_time": 1761342335444, "latency_ms": -73, "data": {"e": "trade", "E": 1761342335444, "s": "BTCUSDT", "t": 5387826710, "p": "111027.22000000", "q": "0.00010000", "T": 1761342335443, "m": true, "M": true}}
{"type": "trades", "local_time": 1761342335656, "event_time": 1761342335735, "latency_ms": -79, "data": {"e": "trade", "E": 1761342335735, "s": "BTCUSDT", "t": 5387826711, "p": "111027.22000000", "q": "0.00008000", "T": 1761342335735, "m": true, "M": true}}
{"type": "trades", "local_time": 1761342335721, "event_time": 1761342335792, "latency_ms": -71, "data": {"e": "trade", "E": 1761342335792, "s": "BTCUSDT", "t": 5387826712, "p": "111027.22000000", "q": "0.00004000", "T": 1761342335792, "m": true, "M": true}}
{"type": "trades", "local_time": 1761342336510, "event_time": 1761342336589, "latency_ms": -79, "data": {"e": "trade", "E": 1761342336589, "s": "BTCUSDT", "t": 5387826713, "p": "111027.23000000", "q": "0.00010000", "T": 1761342336589, "m": false, "M": true}}
{"type": "trades", "local_time": 1761342336593, "event_time": 1761342336674, "latency_ms": -81, "data": {"e": "trade", "E": 1761342336674, "s": "BTCUSDT", "t": 5387826714, "p": "111027.22000000", "q": "0.00010000", "T": 1761342336673, "m": true, "M": true}}
{"type": "trades", "local_time": 1761342337733, "event_time": 1761342337809, "latency_ms": -76, "data": {"e": "trade", "E": 1761342337809, "s": "BTCUSDT", "t": 5387826715, "p": "111027.22000000", "q": "0.04503000", "T": 1761342337809, "m": true, "M": true}}
{"type": "trades", "local_time": 1761342337734, "event_time": 1761342337811, "latency_ms": -77, "data": {"e": "trade", "E": 1761342337811, "s": "BTCUSDT", "t": 5387826716, "p": "111027.22000000", "q": "0.04000000", "T": 1761342337811, "m": true, "M": true}}
{"type": "trades", "local_time": 1761342338010, "event_time": 1761342338059, "latency_ms": -49, "data": {"e": "trade", "E": 1761342338059, "s": "BTCUSDT", "t": 5387826717, "p": "111027.22000000", "q": "0.00702000", "T": 1761342338058, "m": true, "M": true}}
{"type": "trades", "local_time": 1761342339355, "event_time": 1761342339426, "latency_ms": -71, "data": {"e": "trade", "E": 1761342339426, "s": "BTCUSDT", "t": 5387826718, "p": "111027.23000000", "q": "0.00008000", "T": 1761342339426, "m": false, "M": true}}
{"type": "trades", "local_time": 1761342339783, "event_time": 1761342339860, "latency_ms": -77, "data": {"e": "trade", "E": 1761342339860, "s": "BTCUSDT", "t": 5387826719, "p": "111027.22000000", "q": "0.00090000", "T": 1761342339860, "m": true, "M": true}}
{"type": "trades", "local_time": 1761342340684, "event_time": 1761342340709, "latency_ms": -25, "data": {"e": "trade", "E": 1761342340709, "s": "BTCUSDT", "t": 5387826720, "p": "111027.23000000", "q": "0.00103000", "T": 1761342340708, "m": false, "M": true}}
{"type": "trades", "local_time": 1761342340685, "event_time": 1761342340709, "latency_ms": -24, "data": {"e": "trade", "E": 1761342340709, "s": "BTCUSDT", "t": 5387826721, "p": "111027.23000000", "q": "0.00005000", "T": 1761342340708, "m": false, "M": true}}
{"type": "trades", "local_time": 1761342340686, "event_time": 1761342340709, "latency_ms": -23, "data": {"e": "trade", "E": 1761342340709, "s": "BTCUSDT", "t": 5387826722, "p": "111027.23000000", "q": "0.00005000", "T": 1761342340708, "m": false, "M": true}}
{"type": "trades", "local_time": 1761342340687, "event_time": 1761342340709, "latency_ms": -22, "data": {"e": "trade", "E": 1761342340709, "s": "BTCUSDT", "t": 5387826723, "p": "111027.23000000", "q": "0.00005000", "T": 1761342340708, "m": false, "M": true}}
{"type": "trades", "local_time": 1761342340689, "event_time": 1761342340709, "latency_ms": -20, "data": {"e": "trade", "E": 1761342340709, "s": "BTCUSDT", "t": 5387826724, "p": "111027.23000000", "q": "0.00054000", "T": 1761342340708, "m": false, "M": true}}
{"type": "trades", "local_time": 1761342340690, "event_time": 1761342340734, "latency_ms": -44, "data": {"e": "trade", "E": 1761342340734, "s": "BTCUSDT", "t": 5387826725, "p": "111027.22000000", "q": "0.00006000", "T": 1761342340734, "m": true, "M": true}}
{"type": "trades", "local_time": 1761342341184, "event_time": 1761342341261, "latency_ms": -77, "data": {"e": "trade", "E": 1761342341261, "s": "BTCUSDT", "t": 5387826726, "p": "111027.22000000", "q": "0.00010000", "T": 1761342341261, "m": true, "M": true}}
{"type": "trades", "local_time": 1761342341437, "event_time": 1761342341512, "latency_ms": -75, "data": {"e": "trade", "E": 1761342341512, "s": "BTCUSDT", "t": 5387826727, "p": "111027.23000000", "q": "0.00024000", "T": 1761342341512, "m": false, "M": true}}
{"type": "trades", "local_time": 1761342341548, "event_time": 1761342341626, "latency_ms": -78, "data": {"e": "trade", "E": 1761342341626, "s": "BTCUSDT", "t": 5387826728, "p": "111027.22000000", "q": "0.00008000", "T": 1761342341626, "m": true, "M": true}}
{"type": "trades", "local_time": 1761342342179, "event_time": 1761342342255, "latency_ms": -76, "data": {"e": "trade", "E": 1761342342255, "s": "BTCUSDT", "t": 5387826729, "p": "111027.22000000", "q": "0.00450000", "T": 1761342342255, "m": true, "M": true}}
{"type": "trades", "local_time": 1761342342295, "event_time": 1761342342369, "latency_ms": -74, "data": {"e": "trade", "E": 1761342342369, "s": "BTCUSDT", "t": 5387826730, "p": "111027.23000000", "q": "0.00225000", "T": 1761342342368, "m": false, "M": true}}
{"type": "trades", "local_time": 1761342342339, "event_time": 1761342342417, "latency_ms": -78, "data": {"e": "trade", "E": 1761342342417, "s": "BTCUSDT", "t": 5387826731, "p": "111027.23000000", "q": "0.00004000", "T": 1761342342417, "m": false, "M": true}}
{"type": "trades", "local_time": 1761342342753, "event_time": 1761342342829, "latency_ms": -76, "data": {"e": "trade", "E": 1761342342829, "s": "BTCUSDT", "t": 5387826732, "p": "111027.22000000", "q": "0.01625000", "T": 1761342342829, "m": true, "M": true}}
{"type": "trades", "local_time": 1761342343684, "event_time": 1761342343760, "latency_ms": -76, "data": {"e": "trade", "E": 1761342343760, "s": "BTCUSDT", "t": 5387826733, "p": "111027.22000000", "q": "0.00013000", "T": 1761342343760, "m": true, "M": true}}
{"type": "trades", "local_time": 1761342343685, "event_time": 1761342343761, "latency_ms": -76, "data": {"e": "trade", "E": 1761342343761, "s": "BTCUSDT", "t": 5387826734, "p": "111027.23000000", "q": "0.00013000", "T": 1761342343761, "m": false, "M": true}}
{"type": "trades", "local_time": 1761342344131, "event_time": 1761342344209, "latency_ms": -78, "data": {"e": "trade", "E": 1761342344209, "s": "BTCUSDT", "t": 5387826735, "p": "111027.23000000", "q": "0.00543000", "T": 1761342344209, "m": false, "M": true}}
{"type": "trades", "local_time": 1761342344603, "event_time": 1761342344659, "latency_ms": -56, "data": {"e": "trade", "E": 1761342344659, "s": "BTCUSDT", "t": 5387826736, "p": "111027.23000000", "q": "0.01782000", "T": 1761342344658, "m": false, "M": true}}
{"type": "trades", "local_time": 1761342344605, "event_time": 1761342344659, "latency_ms": -54, "data": {"e": "trade", "E": 1761342344659, "s": "BTCUSDT", "t": 5387826737, "p": "111027.23000000", "q": "0.00005000", "T": 1761342344658, "m": false, "M": true}}
{"type": "trades", "local_time": 1761342344606, "event_time": 1761342344659, "latency_ms": -53, "data": {"e": "trade", "E": 1761342344659, "s": "BTCUSDT", "t": 5387826738, "p": "111027.23000000", "q": "0.00005000", "T": 1761342344658, "m": false, "M": true}}
{"type": "trades", "local_time": 1761342344608, "event_time": 1761342344659, "latency_ms": -51, "data": {"e": "trade", "E": 1761342344659, "s": "BTCUSDT", "t": 5387826739, "p": "111027.23000000", "q": "0.00018000", "T": 1761342344658, "m": false, "M": true}}
{"type": "trades", "local_time": 1761342344610, "event_time": 1761342344659, "latency_ms": -49, "data": {"e": "trade", "E": 1761342344659, "s": "BTCUSDT", "t": 5387826740, "p": "111027.23000000", "q": "0.33152000", "T": 1761342344658, "m": false, "M": true}}
{"type": "trades", "local_time": 1761342344611, "event_time": 1761342344659, "latency_ms": -48, "data": {"e": "trade", "E": 1761342344659, "s": "BTCUSDT", "t": 5387826741, "p": "111027.23000000", "q": "0.00005000", "T": 1761342344658, "m": false, "M": true}}
{"type": "trades", "local_time": 1761342344612, "event_time": 1761342344659, "latency_ms": -47, "data": {"e": "trade", "E": 1761342344659, "s": "BTCUSDT", "t": 5387826742, "p": "111027.23000000", "q": "0.00570000", "T": 1761342344658, "m": false, "M": true}}
{"type": "trades", "local_time": 1761342344613, "event_time": 1761342344659, "latency_ms": -46, "data": {"e": "trade", "E": 1761342344659, "s": "BTCUSDT", "t": 5387826743, "p": "111027.23000000", "q": "0.00787000", "T": 1761342344658, "m": false, "M": true}}
{"type": "trades", "local_time": 1761342344614, "event_time": 1761342344659, "latency_ms": -45, "data": {"e": "trade", "E": 1761342344659, "s": "BTCUSDT", "t": 5387826744, "p": "111027.23000000", "q": "0.00528000", "T": 1761342344658, "m": false, "M": true}}
{"type": "trades", "local_time": 1761342344615, "event_time": 1761342344659, "latency_ms": -44, "data": {"e": "trade", "E": 1761342344659, "s": "BTCUSDT", "t": 5387826745, "p": "111027.23000000", "q": "0.00994000", "T": 1761342344658, "m": false, "M": true}}
{"type": "trades", "local_time": 1761342344617, "event_time": 1761342344659, "latency_ms": -42, "data": {"e": "trade", "E": 1761342344659, "s": "BTCUSDT", "t": 5387826746, "p": "111027.23000000", "q": "0.01111000", "T": 1761342344658, "m": false, "M": true}}
{"type": "trades", "local_time": 1761342344617, "event_time": 1761342344659, "latency_ms": -42, "data": {"e": "trade", "E": 1761342344659, "s": "BTCUSDT", "t": 5387826747, "p": "111027.23000000", "q": "0.00040000", "T": 1761342344658, "m": false, "M": true}}
{"type": "trades", "local_time": 1761342344618, "event_time": 1761342344659, "latency_ms": -41, "data": {"e": "trade", "E": 1761342344659, "s": "BTCUSDT", "t": 5387826748, "p": "111027.23000000", "q": "0.01033000", "T": 1761342344658, "m": false, "M": true}}
{"type": "trades", "local_time": 1761342344619, "event_time": 1761342344659, "latency_ms": -40, "data": {"e": "trade", "E": 1761342344659, "s": "BTCUSDT", "t": 5387826749, "p": "111027.23000000", "q": "0.00005000", "T": 1761342344658, "m": false, "M": true}}
{"type": "trades", "local_time": 1761342344619, "event_time": 1761342344659, "latency_ms": -40, "data": {"e": "trade", "E": 1761342344659, "s": "BTCUSDT", "t": 5387826750, "p": "111027.23000000", "q": "0.00224000", "T": 1761342344658, "m": false, "M": true}}
{"type": "trades", "local_time": 1761342344620, "event_time": 1761342344659, "latency_ms": -39, "data": {"e": "trade", "E": 1761342344659, "s": "BTCUSDT", "t": 5387826751, "p": "111027.23000000", "q": "0.00228000", "T": 1761342344658, "m": false, "M": true}}
{"type": "trades", "local_time": 1761342344621, "event_time": 1761342344659, "latency_ms": -38, "data": {"e": "trade", "E": 1761342344659, "s": "BTCUSDT", "t": 5387826752, "p": "111027.23000000", "q": "0.00225000", "T": 1761342344658, "m": false, "M": true}}
{"type": "trades", "local_time": 1761342344621, "event_time": 1761342344659, "latency_ms": -38, "data": {"e": "trade", "E": 1761342344659, "s": "BTCUSDT", "t": 5387826753, "p": "111027.23000000", "q": "0.00005000", "T": 1761342344658, "m": false, "M": true}}
{"type": "trades", "local_time": 1761342344622, "event_time": 1761342344659, "latency_ms": -37, "data": {"e": "trade", "E": 1761342344659, "s": "BTCUSDT", "t": 5387826754, "p": "111027.23000000", "q": "0.00005000", "T": 1761342344658, "m": false, "M": true}}
{"type": "trades", "local_time": 1761342344623, "event_time": 1761342344659, "latency_ms": -36, "data": {"e": "trade", "E": 1761342344659, "s": "BTCUSDT", "t": 5387826755, "p": "111027.23000000", "q": "0.00005000", "T": 1761342344658, "m": false, "M": true}}
{"type": "trades", "local_time": 1761342344624, "event_time": 1761342344659, "latency_ms": -35, "data": {"e": "trade", "E": 1761342344659, "s": "BTCUSDT", "t": 5387826756, "p": "111027.23000000", "q": "0.00005000", "T": 1761342344658, "m": false, "M": true}}
{"type": "trades", "local_time": 1761342344625, "event_time": 1761342344659, "latency_ms": -34, "data": {"e": "trade", "E": 1761342344659, "s": "BTCUSDT", "t": 5387826757, "p": "111027.23000000", "q": "0.00005000", "T": 1761342344658, "m": false, "M": true}}
{"type": "trades", "local_time": 1761342344626, "event_time": 1761342344659, "latency_ms": -33, "data": {"e": "trade", "E": 1761342344659, "s": "BTCUSDT", "t": 5387826758, "p": "111027.23000000", "q": "0.00885000", "T": 1761342344658, "m": false, "M": true}}
{"type": "trades", "local_time": 1761342344626, "event_time": 1761342344659, "latency_ms": -33, "data": {"e": "trade", "E": 1761342344659, "s": "BTCUSDT", "t": 5387826759, "p": "111027.23000000", "q": "0.00005000", "T": 1761342344658, "m": false, "M": true}}
{"type": "trades", "local_time": 1761342344627, "event_time": 1761342344659, "latency_ms": -32, "data": {"e": "trade", "E": 1761342344659, "s": "BTCUSDT", "t": 5387826760, "p": "111027.23000000", "q": "0.00005000", "T": 1761342344658, "m": false, "M": true}}
{"type": "trades", "local_time": 1761342344627, "event_time": 1761342344659, "latency_ms": -32, "data": {"e": "trade", "E": 1761342344659, "s": "BTCUSDT", "t": 5387826761, "p": "111027.23000000", "q": "0.00005000", "T": 1761342344658, "m": false, "M": true}}
{"type": "trades", "local_time": 1761342344628, "event_time": 1761342344659, "latency_ms": -31, "data": {"e": "trade", "E": 1761342344659, "s": "BTCUSDT", "t": 5387826762, "p": "111027.23000000", "q": "0.00005000", "T": 1761342344658, "m": false, "M": true}}
{"type": "trades", "local_time": 1761342344629, "event_time": 1761342344659, "latency_ms": -30, "data": {"e": "trade", "E": 1761342344659, "s": "BTCUSDT", "t": 5387826763, "p": "111027.23000000", "q": "0.00093000", "T": 1761342344658, "m": false, "M": true}}
{"type": "trades", "local_time": 1761342344630, "event_time": 1761342344659, "latency_ms": -29, "data": {"e": "trade", "E": 1761342344659, "s": "BTCUSDT", "t": 5387826764, "p": "111027.23000000", "q": "0.00005000", "T": 1761342344658, "m": false, "M": true}}
{"type": "trades", "local_time": 1761342344630, "event_time": 1761342344659, "latency_ms": -29, "data": {"e": "trade", "E": 1761342344659, "s": "BTCUSDT", "t": 5387826765, "p": "111027.23000000", "q": "0.00005000", "T": 1761342344658, "m": false, "M": true}}
{"type": "trades", "local_time": 1761342344631, "event_time": 1761342344659, "latency_ms": -28, "data": {"e": "trade", "E": 1761342344659, "s": "BTCUSDT", "t": 5387826766, "p": "111027.23000000", "q": "0.00005000", "T": 1761342344658, "m": false, "M": true}}
{"type": "trades", "local_time": 1761342344632, "event_time": 1761342344659, "latency_ms": -27, "data": {"e": "trade", "E": 1761342344659, "s": "BTCUSDT", "t": 5387826767, "p": "111027.23000000", "q": "0.00005000", "T": 1761342344658, "m": false, "M": true}}
{"type": "trades", "local_time": 1761342344632, "event_time": 1761342344659, "latency_ms": -27, "data": {"e": "trade", "E": 1761342344659, "s": "BTCUSDT", "t": 5387826768, "p": "111027.23000000", "q": "0.00005000", "T": 1761342344658, "m": false, "M": true}}
{"type": "trades", "local_time": 1761342344633, "event_time": 1761342344659, "latency_ms": -26, "data": {"e": "trade", "E": 1761342344659, "s": "BTCUSDT", "t": 5387826769, "p": "111027.23000000", "q": "0.00005000", "T": 1761342344658, "m": false, "M": true}}
{"type": "trades", "local_time": 1761342344634, "event_time": 1761342344659, "latency_ms": -25, "data": {"e": "trade", "E": 1761342344659, "s": "BTCUSDT", "t": 5387826770, "p": "111027.23000000", "q": "0.00332000", "T": 1761342344658, "m": false, "M": true}}
{"type": "trades", "local_time": 1761342344634, "event_time": 1761342344659, "latency_ms": -25, "data": {"e": "trade", "E": 1761342344659, "s": "BTCUSDT", "t": 5387826771, "p": "111027.23000000", "q": "0.00005000", "T": 1761342344658, "m": false, "M": true}}
{"type": "trades", "local_time": 1761342344635, "event_time": 1761342344659, "latency_ms": -24, "data": {"e": "trade", "E": 1761342344659, "s": "BTCUSDT", "t": 5387826772, "p": "111027.23000000", "q": "0.00005000", "T": 1761342344658, "m": false, "M": true}}
{"type": "trades", "local_time": 1761342344636, "event_time": 1761342344659, "latency_ms": -23, "data": {"e": "trade", "E": 1761342344659, "s": "BTCUSDT", "t": 5387826773, "p": "111027.23000000", "q": "0.00005000", "T": 1761342344658, "m": false, "M": true}}
{"type": "trades", "local_time": 1761342344636, "event_time": 1761342344659, "latency_ms": -23, "data": {"e": "trade", "E": 1761342344659, "s": "BTCUSDT", "t": 5387826774, "p": "111027.23000000", "q": "0.00005000", "T": 1761342344658, "m": false, "M": true}}
{"type": "trades", "local_time": 1761342344637, "event_time": 1761342344659, "latency_ms": -22, "data": {"e": "trade", "E": 1761342344659, "s": "BTCUSDT", "t": 5387826775, "p": "111027.23000000", "q": "0.00005000", "T": 1761342344658, "m": false, "M": true}}
{"type": "trades", "local_time": 1761342344638, "event_time": 1761342344659, "latency_ms": -21, "data": {"e": "trade", "E": 1761342344659, "s": "BTCUSDT", "t": 5387826776, "p": "111027.23000000", "q": "0.00005000", "T": 1761342344658, "m": false, "M": true}}
{"type": "trades", "local_time": 1761342344638, "event_time": 1761342344659, "latency_ms": -21, "data": {"e": "trade", "E": 1761342344659, "s": "BTCUSDT", "t": 5387826777, "p": "111027.23000000", "q": "0.00005000", "T": 1761342344658, "m": false, "M": true}}
{"type": "trades", "local_time": 1761342344639, "event_time": 1761342344659, "latency_ms": -20, "data": {"e": "trade", "E": 1761342344659, "s": "BTCUSDT", "t": 5387826778, "p": "111027.24000000", "q": "0.00005000", "T": 1761342344658, "m": false, "M": true}}
{"type": "trades", "local_time": 1761342344640, "event_time": 1761342344659, "latency_ms": -19, "data": {"e": "trade", "E": 1761342344659, "s": "BTCUSDT", "t": 5387826779, "p": "111027.24000000", "q": "0.00005000", "T": 1761342344658, "m": false, "M": true}}
{"type": "trades", "local_time": 1761342344640, "event_time": 1761342344659, "latency_ms": -19, "data": {"e": "trade", "E": 1761342344659, "s": "BTCUSDT", "t": 5387826780, "p": "111027.24000000", "q": "0.00005000", "T": 1761342344658, "m": false, "M": true}}
{"type": "trades", "local_time": 1761342344641, "event_time": 1761342344659, "latency_ms": -18, "data": {"e": "trade", "E": 1761342344659, "s": "BTCUSDT", "t": 5387826781, "p": "111027.24000000", "q": "0.00005000", "T": 1761342344658, "m": false, "M": true}}
{"type": "trades", "local_time": 1761342344642, "event_time": 1761342344659, "latency_ms": -17, "data": {"e": "trade", "E": 1761342344659, "s": "BTCUSDT", "t": 5387826782, "p": "111027.24000000", "q": "0.00005000", "T": 1761342344658, "m": false, "M": true}}
{"type": "trades", "local_time": 1761342344643, "event_time": 1761342344659, "latency_ms": -16, "data": {"e": "trade", "E": 1761342344659, "s": "BTCUSDT", "t": 5387826783, "p": "111027.24000000", "q": "0.00005000", "T": 1761342344658, "m": false, "M": true}}
{"type": "trades", "local_time": 1761342344643, "event_time": 1761342344659, "latency_ms": -16, "data": {"e": "trade", "E": 1761342344659, "s": "BTCUSDT", "t": 5387826784, "p": "111027.24000000", "q": "0.00005000", "T": 1761342344658, "m": false, "M": true}}
{"type": "trades", "local_time": 1761342344644, "event_time": 1761342344659, "latency_ms": -15, "data": {"e": "trade", "E": 1761342344659, "s": "BTCUSDT", "t": 5387826785, "p": "111027.24000000", "q": "0.00005000", "T": 1761342344658, "m": false, "M": true}}
{"type": "trades", "local_time": 1761342344644, "event_time": 1761342344659, "latency_ms": -15, "data": {"e": "trade", "E": 1761342344659, "s": "BTCUSDT", "t": 5387826786, "p": "111027.24000000", "q": "0.00005000", "T": 1761342344658, "m": false, "M": true}}
{"type": "trades", "local_time": 1761342344645, "event_time": 1761342344659, "latency_ms": -14, "data": {"e": "trade", "E": 1761342344659, "s": "BTCUSDT", "t": 5387826787, "p": "111027.24000000", "q": "0.00005000", "T": 1761342344658, "m": false, "M": true}}
{"type": "trades", "local_time": 1761342344646, "event_time": 1761342344659, "latency_ms": -13, "data": {"e": "trade", "E": 1761342344659, "s": "BTCUSDT", "t": 5387826788, "p": "111027.24000000", "q": "0.00005000", "T": 1761342344658, "m": false, "M": true}}
{"type": "trades", "local_time": 1761342344647, "event_time": 1761342344659, "latency_ms": -12, "data": {"e": "trade", "E": 1761342344659, "s": "BTCUSDT", "t": 5387826789, "p": "111027.24000000", "q": "0.04503000", "T": 1761342344658, "m": false, "M": true}}
{"type": "trades", "local_time": 1761342344647, "event_time": 1761342344659, "latency_ms": -12, "data": {"e": "trade", "E": 1761342344659, "s": "BTCUSDT", "t": 5387826790, "p": "111027.24000000", "q": "0.00005000", "T": 1761342344658, "m": false, "M": true}}
{"type": "trades", "local_time": 1761342344648, "event_time": 1761342344659, "latency_ms": -11, "data": {"e": "trade", "E": 1761342344659, "s": "BTCUSDT", "t": 5387826791, "p": "111027.24000000", "q": "0.00005000", "T": 1761342344658, "m": false, "M": true}}
{"type": "trades", "local_time": 1761342344649, "event_time": 1761342344659, "latency_ms": -10, "data": {"e": "trade", "E": 1761342344659, "s": "BTCUSDT", "t": 5387826792, "p": "111027.24000000", "q": "0.00005000", "T": 1761342344658, "m": false, "M": true}}
{"type": "trades", "local_time": 1761342344650, "event_time": 1761342344659, "latency_ms": -9, "data": {"e": "trade", "E": 1761342344659, "s": "BTCUSDT", "t": 5387826793, "p": "111027.24000000", "q": "0.02094000", "T": 1761342344658, "m": false, "M": true}}
{"type": "trades", "local_time": 1761342344651, "event_time": 1761342344659, "latency_ms": -8, "data": {"e": "trade", "E": 1761342344659, "s": "BTCUSDT", "t": 5387826794, "p": "111027.24000000", "q": "0.00005000", "T": 1761342344658, "m": false, "M": true}}
{"type": "trades", "local_time": 1761342344652, "event_time": 1761342344659, "latency_ms": -7, "data": {"e": "trade", "E": 1761342344659, "s": "BTCUSDT", "t": 5387826795, "p": "111027.24000000", "q": "0.00005000", "T": 1761342344658, "m": false, "M": true}}
{"type": "trades", "local_time": 1761342344652, "event_time": 1761342344659, "latency_ms": -7, "data": {"e": "trade", "E": 1761342344659, "s": "BTCUSDT", "t": 5387826796, "p": "111027.24000000", "q": "0.00005000", "T": 1761342344658, "m": false, "M": true}}
{"type": "trades", "local_time": 1761342344653, "event_time": 1761342344659, "latency_ms": -6, "data": {"e": "trade", "E": 1761342344659, "s": "BTCUSDT", "t": 5387826797, "p": "111027.24000000", "q": "0.00005000", "T": 1761342344658, "m": false, "M": true}}
{"type": "trades", "local_time": 1761342344653, "event_time": 1761342344659, "latency_ms": -6, "data": {"e": "trade", "E": 1761342344659, "s": "BTCUSDT", "t": 5387826798, "p": "111027.24000000", "q": "0.00005000", "T": 1761342344658, "m": false, "M": true}}
{"type": "trades", "local_time": 1761342344654, "event_time": 1761342344659, "latency_ms": -5, "data": {"e": "trade", "E": 1761342344659, "s": "BTCUSDT", "t": 5387826799, "p": "111028.00000000", "q": "0.00120000", "T": 1761342344658, "m": false, "M": true}}
{"type": "trades", "local_time": 1761342344655, "event_time": 1761342344659, "latency_ms": -4, "data": {"e": "trade", "E": 1761342344659, "s": "BTCUSDT", "t": 5387826800, "p": "111028.00000000", "q": "0.00020000", "T": 1761342344658, "m": false, "M": true}}
{"type": "trades", "local_time": 1761342344655, "event_time": 1761342344659, "latency_ms": -4, "data": {"e": "trade", "E": 1761342344659, "s": "BTCUSDT", "t": 5387826801, "p": "111028.00000000", "q": "0.00020000", "T": 1761342344658, "m": false, "M": true}}
{"type": "trades", "local_time": 1761342344656, "event_time": 1761342344659, "latency_ms": -3, "data": {"e": "trade", "E": 1761342344659, "s": "BTCUSDT", "t": 5387826802, "p": "111028.00000000", "q": "0.00005000", "T": 1761342344658, "m": false, "M": true}}
{"type": "trades", "local_time": 1761342344657, "event_time": 1761342344659, "latency_ms": -2, "data": {"e": "trade", "E": 1761342344659, "s": "BTCUSDT", "t": 5387826803, "p": "111028.00000000", "q": "0.00005000", "T": 1761342344658, "m": false, "M": true}}
{"type": "trades", "local_time": 1761342344709, "event_time": 1761342344661, "latency_ms": 48, "data": {"e": "trade", "E": 1761342344661, "s": "BTCUSDT", "t": 5387826804, "p": "111028.03000000", "q": "0.00396000", "T": 1761342344660, "m": false, "M": true}}
{"type": "trades", "local_time": 1761342344710, "event_time": 1761342344661, "latency_ms": 49, "data": {"e": "trade", "E": 1761342344661, "s": "BTCUSDT", "t": 5387826805, "p": "111028.03000000", "q": "0.00005000", "T": 1761342344660, "m": false, "M": true}}
{"type": "trades", "local_time": 1761342344710, "event_time": 1761342344661, "latency_ms": 49, "data": {"e": "trade", "E": 1761342344661, "s": "BTCUSDT", "t": 5387826806, "p": "111028.03000000", "q": "0.00005000", "T": 1761342344660, "m": false, "M": true}}
{"type": "trades", "local_time": 1761342344711, "event_time": 1761342344661, "latency_ms": 50, "data": {"e": "trade", "E": 1761342344661, "s": "BTCUSDT", "t": 5387826807, "p": "111028.03000000", "q": "0.00005000", "T": 1761342344660, "m": false, "M": true}}
{"type": "trades", "local_time": 1761342344712, "event_time": 1761342344661, "latency_ms": 51, "data": {"e": "trade", "E": 1761342344661, "s": "BTCUSDT", "t": 5387826808, "p": "111028.03000000", "q": "0.00003000", "T": 1761342344660, "m": false, "M": true}}
{"type": "trades", "local_time": 1761342344713, "event_time": 1761342344661, "latency_ms": 52, "data": {"e": "trade", "E": 1761342344661, "s": "BTCUSDT", "t": 5387826809, "p": "111028.03000000", "q": "0.00002000", "T": 1761342344660, "m": false, "M": true}}
{"type": "trades", "local_time": 1761342344713, "event_time": 1761342344661, "latency_ms": 52, "data": {"e": "trade", "E": 1761342344661, "s": "BTCUSDT", "t": 5387826810, "p": "111028.03000000", "q": "0.00005000", "T": 1761342344660, "m": false, "M": true}}
{"type": "trades", "local_time": 1761342344714, "event_time": 1761342344661, "latency_ms": 53, "data": {"e": "trade", "E": 1761342344661, "s": "BTCUSDT", "t": 5387826811, "p": "111028.03000000", "q": "0.00005000", "T": 1761342344660, "m": false, "M": true}}
{"type": "trades", "local_time": 1761342344715, "event_time": 1761342344661, "latency_ms": 54, "data": {"e": "trade", "E": 1761342344661, "s": "BTCUSDT", "t": 5387826812, "p": "111028.03000000", "q": "0.00005000", "T": 1761342344660, "m": false, "M": true}}
{"type": "trades", "local_time": 1761342344716, "event_time": 1761342344661, "latency_ms": 55, "data": {"e": "trade", "E": 1761342344661, "s": "BTCUSDT", "t": 5387826813, "p": "111028.03000000", "q": "0.00005000", "T": 1761342344660, "m": false, "M": true}}
{"type": "trades", "local_time": 1761342344716, "event_time": 1761342344661, "latency_ms": 55, "data": {"e": "trade", "E": 1761342344661, "s": "BTCUSDT", "t": 5387826814, "p": "111028.03000000", "q": "0.00005000", "T": 1761342344660, "m": false, "M": true}}
{"type": "trades", "local_time": 1761342344717, "event_time": 1761342344661, "latency_ms": 56, "data": {"e": "trade", "E": 1761342344661, "s": "BTCUSDT", "t": 5387826815, "p": "111028.03000000", "q": "0.00005000", "T": 1761342344660, "m": false, "M": true}}
{"type": "trades", "local_time": 1761342344718, "event_time": 1761342344661, "latency_ms": 57, "data": {"e": "trade", "E": 1761342344661, "s": "BTCUSDT", "t": 5387826816, "p": "111028.03000000", "q": "0.00005000", "T": 1761342344660, "m": false, "M": true}}
{"type": "trades", "local_time": 1761342344719, "event_time": 1761342344661, "latency_ms": 58, "data": {"e": "trade", "E": 1761342344661, "s": "BTCUSDT", "t": 5387826817, "p": "111028.04000000", "q": "0.00005000", "T": 1761342344660, "m": false, "M": true}}
{"type": "trades", "local_time": 1761342344719, "event_time": 1761342344661, "latency_ms": 58, "data": {"e": "trade", "E": 1761342344661, "s": "BTCUSDT", "t": 5387826818, "p": "111028.04000000", "q": "0.00005000", "T": 1761342344660, "m": false, "M": true}}
{"type": "trades", "local_time": 1761342344720, "event_time": 1761342344661, "latency_ms": 59, "data": {"e": "trade", "E": 1761342344661, "s": "BTCUSDT", "t": 5387826819, "p": "111028.04000000", "q": "0.00005000", "T": 1761342344660, "m": false, "M": true}}
{"type": "trades", "local_time": 1761342344720, "event_time": 1761342344661, "latency_ms": 59, "data": {"e": "trade", "E": 1761342344661, "s": "BTCUSDT", "t": 5387826820, "p": "111028.04000000", "q": "0.00005000", "T": 1761342344660, "m": false, "M": true}}
{"type": "trades", "local_time": 1761342344721, "event_time": 1761342344661, "latency_ms": 60, "data": {"e": "trade", "E": 1761342344661, "s": "BTCUSDT", "t": 5387826821, "p": "111028.04000000", "q": "0.00005000", "T": 1761342344660, "m": false, "M": true}}
{"type": "trades", "local_time": 1761342344722, "event_time": 1761342344661, "latency_ms": 61, "data": {"e": "trade", "E": 1761342344661, "s": "BTCUSDT", "t": 5387826822, "p": "111028.04000000", "q": "0.00005000", "T": 1761342344660, "m": false, "M": true}}
{"type": "trades", "local_time": 1761342344722, "event_time": 1761342344661, "latency_ms": 61, "data": {"e": "trade", "E": 1761342344661, "s": "BTCUSDT", "t": 5387826823, "p": "111028.04000000", "q": "0.00005000", "T": 1761342344660, "m": false, "M": true}}
{"type": "trades", "local_time": 1761342344723, "event_time": 1761342344661, "latency_ms": 62, "data": {"e": "trade", "E": 1761342344661, "s": "BTCUSDT", "t": 5387826824, "p": "111028.04000000", "q": "0.00005000", "T": 1761342344660, "m": false, "M": true}}
{"type": "trades", "local_time": 1761342344723, "event_time": 1761342344661, "latency_ms": 62, "data": {"e": "trade", "E": 1761342344661, "s": "BTCUSDT", "t": 5387826825, "p": "111028.50000000", "q": "0.00005000", "T": 1761342344660, "m": false, "M": true}}
{"type": "trades", "local_time": 1761342344724, "event_time": 1761342344661, "latency_ms": 63, "data": {"e": "trade", "E": 1761342344661, "s": "BTCUSDT", "t": 5387826826, "p": "111028.95000000", "q": "0.00008000", "T": 1761342344660, "m": false, "M": true}}
{"type": "trades", "local_time": 1761342344890, "event_time": 1761342344948, "latency_ms": -58, "data": {"e": "trade", "E": 1761342344948, "s": "BTCUSDT", "t": 5387826827, "p": "111028.02000000", "q": "0.00200000", "T": 1761342344948, "m": true, "M": true}}
{"type": "trades", "local_time": 1761342345293, "event_time": 1761342345374, "latency_ms": -81, "data": {"e": "trade", "E": 1761342345374, "s": "BTCUSDT", "t": 5387826828, "p": "111028.02000000", "q": "0.09900000", "T": 1761342345373, "m": true, "M": true}}
{"type": "trades", "local_time": 1761342345947, "event_time": 1761342346026, "latency_ms": -79, "data": {"e": "trade", "E": 1761342346026, "s": "BTCUSDT", "t": 5387826829, "p": "111028.02000000", "q": "0.00010000", "T": 1761342346026, "m": true, "M": true}}
{"type": "trades", "local_time": 1761342346237, "event_time": 1761342346317, "latency_ms": -80, "data": {"e": "trade", "E": 1761342346317, "s": "BTCUSDT", "t": 5387826830, "p": "111028.02000000", "q": "0.00113000", "T": 1761342346316, "m": true, "M": true}}
{"type": "trades", "local_time": 1761342348090, "event_time": 1761342348167, "latency_ms": -77, "data": {"e": "trade", "E": 1761342348167, "s": "BTCUSDT", "t": 5387826831, "p": "111028.02000000", "q": "0.00045000", "T": 1761342348167, "m": true, "M": true}}
{"type": "trades", "local_time": 1761342348976, "event_time": 1761342349055, "latency_ms": -79, "data": {"e": "trade", "E": 1761342349055, "s": "BTCUSDT", "t": 5387826832, "p": "111028.02000000", "q": "0.00178000", "T": 1761342349054, "m": true, "M": true}}
{"type": "trades", "local_time": 1761342349428, "event_time": 1761342349507, "latency_ms": -79, "data": {"e": "trade", "E": 1761342349507, "s": "BTCUSDT", "t": 5387826833, "p": "111028.02000000", "q": "0.00050000", "T": 1761342349506, "m": true, "M": true}}
{"type": "trades", "local_time": 1761342349989, "event_time": 1761342350048, "latency_ms": -59, "data": {"e": "trade", "E": 1761342350048, "s": "BTCUSDT", "t": 5387826834, "p": "111028.02000000", "q": "0.00526000", "T": 1761342350048, "m": true, "M": true}}
{"type": "trades", "local_time": 1761342350575, "event_time": 1761342350651, "latency_ms": -76, "data": {"e": "trade", "E": 1761342350651, "s": "BTCUSDT", "t": 5387826835, "p": "111028.03000000", "q": "0.00005000", "T": 1761342350651, "m": false, "M": true}}
{"type": "trades", "local_time": 1761342350576, "event_time": 1761342350651, "latency_ms": -75, "data": {"e": "trade", "E": 1761342350651, "s": "BTCUSDT", "t": 5387826836, "p": "111028.03000000", "q": "0.00005000", "T": 1761342350651, "m": false, "M": true}}
{"type": "trades", "local_time": 1761342350576, "event_time": 1761342350651, "latency_ms": -75, "data": {"e": "trade", "E": 1761342350651, "s": "BTCUSDT", "t": 5387826837, "p": "111028.03000000", "q": "0.00005000", "T": 1761342350651, "m": false, "M": true}}
{"type": "trades", "local_time": 1761342350577, "event_time": 1761342350651, "latency_ms": -74, "data": {"e": "trade", "E": 1761342350651, "s": "BTCUSDT", "t": 5387826838, "p": "111028.03000000", "q": "0.00005000", "T": 1761342350651, "m": false, "M": true}}
{"type": "trades", "local_time": 1761342350578, "event_time": 1761342350651, "latency_ms": -73, "data": {"e": "trade", "E": 1761342350651, "s": "BTCUSDT", "t": 5387826839, "p": "111028.03000000", "q": "0.00005000", "T": 1761342350651, "m": false, "M": true}}
{"type": "trades", "local_time": 1761342350579, "event_time": 1761342350651, "latency_ms": -72, "data": {"e": "trade", "E": 1761342350651, "s": "BTCUSDT", "t": 5387826840, "p": "111028.03000000", "q": "0.00005000", "T": 1761342350651, "m": false, "M": true}}
{"type": "trades", "local_time": 1761342350580, "event_time": 1761342350651, "latency_ms": -71, "data": {"e": "trade", "E": 1761342350651, "s": "BTCUSDT", "t": 5387826841, "p": "111028.03000000", "q": "0.00005000", "T": 1761342350651, "m": false, "M": true}}
{"type": "trades", "local_time": 1761342350581, "event_time": 1761342350651, "latency_ms": -70, "data": {"e": "trade", "E": 1761342350651, "s": "BTCUSDT", "t": 5387826842, "p": "111028.03000000", "q": "0.00005000", "T": 1761342350651, "m": false, "M": true}}
{"type": "trades", "local_time": 1761342350581, "event_time": 1761342350651, "latency_ms": -70, "data": {"e": "trade", "E": 1761342350651, "s": "BTCUSDT", "t": 5387826843, "p": "111028.03000000", "q": "0.00024000", "T": 1761342350651, "m": false, "M": true}}
{"type": "trades", "local_time": 1761342350582, "event_time": 1761342350651, "latency_ms": -69, "data": {"e": "trade", "E": 1761342350651, "s": "BTCUSDT", "t": 5387826844, "p": "111028.03000000", "q": "0.00039000", "T": 1761342350651, "m": false, "M": true}}
{"type": "trades", "local_time": 1761342350790, "event_time": 1761342350761, "latency_ms": 29, "data": {"e": "trade", "E": 1761342350761, "s": "BTCUSDT", "t": 5387826845, "p": "111028.02000000", "q": "0.00436000", "T": 1761342350761, "m": true, "M": true}}
{"type": "trades", "local_time": 1761342350886, "event_time": 1761342350959, "latency_ms": -73, "data": {"e": "trade", "E": 1761342350959, "s": "BTCUSDT", "t": 5387826846, "p": "111028.03000000", "q": "0.00005000", "T": 1761342350959, "m": false, "M": true}}
{"type": "trades", "local_time": 1761342350887, "event_time": 1761342350959, "latency_ms": -72, "data": {"e": "trade", "E": 1761342350959, "s": "BTCUSDT", "t": 5387826847, "p": "111028.03000000", "q": "0.00005000", "T": 1761342350959, "m": false, "M": true}}
{"type": "trades", "local_time": 1761342350887, "event_time": 1761342350959, "latency_ms": -72, "data": {"e": "trade", "E": 1761342350959, "s": "BTCUSDT", "t": 5387826848, "p": "111028.03000000", "q": "0.00001000", "T": 1761342350959, "m": false, "M": true}}
{"type": "trades", "local_time": 1761342351140, "event_time": 1761342351218, "latency_ms": -78, "data": {"e": "trade", "E": 1761342351218, "s": "BTCUSDT", "t": 5387826849, "p": "111028.02000000", "q": "0.00160000", "T": 1761342351217, "m": true, "M": true}}
{"type": "trades", "local_time": 1761342352735, "event_time": 1761342352811, "latency_ms": -76, "data": {"e": "trade", "E": 1761342352811, "s": "BTCUSDT", "t": 5387826850, "p": "111028.02000000", "q": "0.00006000", "T": 1761342352811, "m": true, "M": true}}
{"type": "trades", "local_time": 1761342352938, "event_time": 1761342353013, "latency_ms": -75, "data": {"e": "trade", "E": 1761342353013, "s": "BTCUSDT", "t": 5387826851, "p": "111028.03000000", "q": "0.00004000", "T": 1761342353013, "m": false, "M": true}}
{"type": "trades", "local_time": 1761342352939, "event_time": 1761342353013, "latency_ms": -74, "data": {"e": "trade", "E": 1761342353013, "s": "BTCUSDT", "t": 5387826852, "p": "111028.03000000", "q": "0.00207000", "T": 1761342353013, "m": false, "M": true}}
{"type": "trades", "local_time": 1761342352940, "event_time": 1761342353013, "latency_ms": -73, "data": {"e": "trade", "E": 1761342353013, "s": "BTCUSDT", "t": 5387826853, "p": "111028.03000000", "q": "0.00206000", "T": 1761342353013, "m": false, "M": true}}
{"type": "trades", "local_time": 1761342352940, "event_time": 1761342353013, "latency_ms": -73, "data": {"e": "trade", "E": 1761342353013, "s": "BTCUSDT", "t": 5387826854, "p": "111028.03000000", "q": "0.00005000", "T": 1761342353013, "m": false, "M": true}}
{"type": "trades", "local_time": 1761342352941, "event_time": 1761342353013, "latency_ms": -72, "data": {"e": "trade", "E": 1761342353013, "s": "BTCUSDT", "t": 5387826855, "p": "111028.03000000", "q": "0.00005000", "T": 1761342353013, "m": false, "M": true}}
